@article{RN58,
   author = {Achkar, Natalia P and Cambiagno, Damián A and Manavella, Pablo A},
   title = {mi{RNA} biogenesis: a dynamic pathway},
   journal = {Trends in Plant Science},
   volume = {21},
   number = {12},
   pages = {1034-1044},
   ISSN = {1360-1385},
   year = {2016},
   type = {Journal Article}
}

@article{RN31,
   author = {Al Mamun, E. and Cantrill, L. C. and Overall, R. L. and Sutton, B. G.},
   title = {Cellular organisation and differentiation of organelles in pre-meiotic rice anthers},
   journal = {Cell Biology International},
   volume = {29},
   number = {9},
   pages = {792-802},
   ISSN = {1065-6995},
   DOI = {10.1016/j.cellbi.2005.05.009},
      year = {2005},
   type = {Journal Article}
}

@article{RN142,
   author = {Axtell, M. J.},
   title = {{ShortStack}: comprehensive annotation and quantification of small {RNA} genes},
   journal = {Rna},
   volume = {19},
   number = {6},
   pages = {740-51},
   ISSN = {1355-8382 (Print)
1355-8382},
   DOI = {10.1261/rna.035279.112},
   year = {2013},
   type = {Journal Article}
}

@article{RN103,
   author = {Ayarpadikannan, S. and Kim, H. S.},
   title = {The impact of transposable elements in genome evolution and genetic instability and their implications in various diseases},
   journal = {Genomics Inform},
   volume = {12},
   number = {3},
   pages = {98-104},
   ISSN = {1598-866X (Print)
1598-866x},
   DOI = {10.5808/gi.2014.12.3.98},
   year = {2014},
   type = {Journal Article}
}

@article{RN260,
   author = {Barau, J. and Teissandier, A. and Zamudio, N. and Roy, S. and Nalesso, V. and Herault, Y. and Guillou, F. and Bourc'his, D.},
   title = {The {DNA} methyltransferase {DNMT3C} protects male germ cells from transposon activity},
   journal = {Science},
   volume = {354},
   number = {6314},
   pages = {909-912},
   ISSN = {0036-8075},
   DOI = {10.1126/science.aah5143},
   year = {2016},
   type = {Journal Article}
}

@article{RN259,
   author = {Beaulaurier, John and Schadt, Eric E. and Fang, Gang},
   title = {Deciphering bacterial epigenomes using modern sequencing technologies},
   journal = {Nat. Rev. Genet.},
   volume = {20},
   number = {3},
   pages = {157-172},
   ISSN = {1471-0064},
   DOI = {10.1038/s41576-018-0081-3},
   year = {2019},
   type = {Journal Article}
}

@article{RN77,
   author = {Bennett, MD and Leitch, IJ},
   title = {Nuclear {DNA} amounts in angiosperms: progress, problems and prospects},
   journal = {Annals of Botany},
   volume = {95},
   number = {1},
   pages = {45-90},
   ISSN = {1095-8290},
   year = {2005},
   type = {Journal Article}
}

@inbook{RN55,
   author = {Berger, F. and Twell, D.},
   title = {Germline Specification and Function in Plants},
   booktitle = {Annual Review of Plant Biology, Vol 62},
   editor = {Merchant, S. S. and Briggs, W. R. and Ort, D.},
   series = {Annual Review of Plant Biology},
   publisher = {Annual Reviews},
   address = {Palo Alto},
   volume = {62},
   pages = {461-484},
   ISBN = {978-0-8243-0662-5},
   DOI = {10.1146/annurev-arplant-042110-103824},
   year = {2011},
   type = {Book Section}
}

@article{RN135,
   author = {Berger, Shelley L and Kouzarides, Tony and Shiekhattar, Ramin and Shilatifard, Ali},
   title = {An operational definition of epigenetics},
   journal = {Genes \& development},
   volume = {23},
   number = {7},
   pages = {781-783},
   ISSN = {0890-9369},
   year = {2009},
   type = {Journal Article}
}

@article{RN258,
   author = {Bewick, Adam J. and Niederhuth, Chad E. and Ji, Lexiang and Rohr, Nicholas A. and Griffin, Patrick T. and Leebens-Mack, Jim and Schmitz, Robert J.},
   title = {The evolution of {CHROMOMETHYLASES} and gene body {DNA} methylation in plants},
   journal = {Genome Biol.},
   volume = {18},
   number = {1},
   pages = {65},
   ISSN = {1474-760X},
   DOI = {10.1186/s13059-017-1195-1},
   year = {2017},
   type = {Journal Article}
}

@article{RN183,
   author = {Bloomer, R. H. and Hutchison, C. E. and Bäurle, I. and Walker, J. and Fang, X. and Perera, P. and Velanis, C. N. and Gümüs, S. and Spanos, C. and Rappsilber, J. and Feng, X. and Goodrich, J. and Dean, C.},
   title = {The \textit{Arabidopsis} epigenetic regulator {ICU11} as an accessory protein of Polycomb Repressive Complex 2},
   journal = {Proc Natl Acad Sci U S A},
   volume = {117},
   number = {28},
   pages = {16660-16666},
   ISSN = {0027-8424 (Print)
0027-8424},
   DOI = {10.1073/pnas.1920621117},
   year = {2020},
   type = {Journal Article}
}

@article{RN26,
   author = {Bohacek, J. and Mansuy, I. M.},
   title = {Molecular insights into transgenerational non-genetic inheritance of acquired behaviours},
   journal = {Nature Reviews Genetics},
   volume = {16},
   number = {11},
   pages = {641-652},
   ISSN = {1471-0056},
   DOI = {10.1038/nrg3964},
   year = {2015},
   type = {Journal Article}
}

@article{RN140,
   author = {Borges, Filipe and Gardner, Rui and Lopes, Telma and Calarco, Joseph P. and Boavida, Leonor C. and Slotkin, R. Keith and Martienssen, Robert A. and Becker, Jörg D.},
   title = {{FACS}-based purification of \textit{Arabidopsis} microspores, sperm cells and vegetative nuclei},
   journal = {Plant Methods},
   volume = {8},
   number = {1},
   pages = {44},
   ISSN = {1746-4811},
   DOI = {10.1186/1746-4811-8-44},
   year = {2012},
   type = {Journal Article}
}

@article{RN46,
   author = {Borges, F. and Martienssen, R. A.},
   title = {The expanding world of small {RNA}s in plants},
   journal = {Nature Reviews Molecular Cell Biology},
   volume = {16},
   number = {12},
   pages = {727-741},
   ISSN = {1471-0072},
   DOI = {10.1038/nrm4085},
   year = {2015},
   type = {Journal Article}
}

@article{RN74,
   author = {Borges, Filipe and Parent, Jean-Sébastien and Van Ex, Frédéric and Wolff, Philip and Martínez, German and Köhler, Claudia and Martienssen, Robert A},
   title = {Transposon-derived small {RNA}s triggered by miR845 mediate genome dosage response in \textit{Arabidopsis}},
   journal = {Nature genetics},
   volume = {50},
   number = {2},
   pages = {186-192},
   ISSN = {1546-1718},
   year = {2018},
   type = {Journal Article}
}

@article{RN257,
   author = {Bowman, John L. and Kohchi, Takayuki and Yamato, Katsuyuki T. and Jenkins, Jerry and Shu, Shengqiang and Ishizaki, Kimitsune and Yamaoka, Shohei and Nishihama, Ryuichi and Nakamura, Yasukazu and Berger, Frédéric and Adam, Catherine and Aki, Shiori Sugamata and Althoff, Felix and Araki, Takashi and Arteaga-Vazquez, Mario A. and Balasubrmanian, Sureshkumar and Barry, Kerrie and Bauer, Diane and Boehm, Christian R. and Briginshaw, Liam and Caballero-Perez, Juan and Catarino, Bruno and Chen, Feng and Chiyoda, Shota and Chovatia, Mansi and Davies, Kevin M. and Delmans, Mihails and Demura, Taku and Dierschke, Tom and Dolan, Liam and Dorantes-Acosta, Ana E. and Eklund, D. Magnus and Florent, Stevie N. and Flores-Sandoval, Eduardo and Fujiyama, Asao and Fukuzawa, Hideya and Galik, Bence and Grimanelli, Daniel and Grimwood, Jane and Grossniklaus, Ueli and Hamada, Takahiro and Haseloff, Jim and Hetherington, Alexander J. and Higo, Asuka and Hirakawa, Yuki and Hundley, Hope N. and Ikeda, Yoko and Inoue, Keisuke and Inoue, Shin-ichiro and Ishida, Sakiko and Jia, Qidong and Kakita, Mitsuru and Kanazawa, Takehiko and Kawai, Yosuke and Kawashima, Tomokazu and Kennedy, Megan and Kinose, Keita and Kinoshita, Toshinori and Kohara, Yuji and Koide, Eri and Komatsu, Kenji and Kopischke, Sarah and Kubo, Minoru and Kyozuka, Junko and Lagercrantz, Ulf and Lin, Shih-Shun and Lindquist, Erika and Lipzen, Anna M. and Lu, Chia-Wei and De Luna, Efraín and Martienssen, Robert A. and Minamino, Naoki and Mizutani, Masaharu and Mizutani, Miya and Mochizuki, Nobuyoshi and Monte, Isabel and Mosher, Rebecca and Nagasaki, Hideki and Nakagami, Hirofumi and Naramoto, Satoshi and Nishitani, Kazuhiko and Ohtani, Misato and Okamoto, Takashi and Okumura, Masaki and Phillips, Jeremy and Pollak, Bernardo and Reinders, Anke and Rövekamp, Moritz and Sano, Ryosuke and Sawa, Shinichiro and Schmid, Marc W. and Shirakawa, Makoto and Solano, Roberto and Spunde, Alexander and Suetsugu, Noriyuki and Sugano, Sumio and Sugiyama, Akifumi and Sun, Rui and Suzuki, Yutaka and Takenaka, Mizuki and others },
   title = {Insights into land plant evolution garnered from the \textit{Marchantia polymorpha} genome},
   journal = {Cell},
   volume = {171},
   number = {2},
   pages = {287-304.e15},
   ISSN = {0092-8674},
   DOI = {https://doi.org/10.1016/j.cell.2017.09.030},
   year = {2017},
   type = {Journal Article}
}

@article{RN109,
   author = {Buisine, Nicolas and Quesneville, Hadi and Colot, Vincent},
   title = {Improved detection and annotation of transposable elements in sequenced genomes using multiple reference sequence sets},
   journal = {Genomics},
   volume = {91},
   number = {5},
   pages = {467-475},
   ISSN = {0888-7543},
   year = {2008},
   type = {Journal Article}
}

@article{RN256,
   author = {Bujnicki, J. M.},
   title = {Sequence permutations in the molecular evolution of {DNA} methyltransferases},
   journal = {BMC Evol. Biol.},
   volume = {2},
   pages = {3},
   ISSN = {1471-2148},
   DOI = {10.1186/1471-2148-2-3},
   year = {2002},
   type = {Journal Article}
}

@article{RN165,
   author = {Burgess, Diane and Chow, Hiu Tung and Grover, Jeffrey W and Freeling, Michael and Mosher, Rebecca A},
   title = {Ovule si{RNA}s methylate protein-coding genes in trans},
   journal = {The Plant Cell},
   volume = {34},
   number = {10},
   pages = {3647-3664},
   ISSN = {1040-4651},
   year = {2022},
   type = {Journal Article}
}

@article{RN16,
   author = {Calarco, J. P. and Borges, F. and Donoghue, M. T. A. and Van Ex, F. and Jullien, P. E. and Lopes, T. and Gardner, R. and Berger, F. and Feijo, J. A. and Becker, J. D. and Martienssen, R. A.},
   title = {Reprogramming of {DNA} Methylation in Pollen Guides Epigenetic Inheritance via Small {RNA}},
   journal = {Cell},
   volume = {151},
   number = {1},
   pages = {194-205},
   ISSN = {0092-8674},
   DOI = {10.1016/j.cell.2012.09.001},
   year = {2012},
   type = {Journal Article}
}

@article{RN255,
   author = {Cantone, I. and Fisher, A. G.},
   title = {Epigenetic programming and reprogramming during development},
   journal = {Nat. Struct. Mol. Biol.},
   volume = {20},
   number = {3},
   pages = {282-9},
   ISSN = {1545-9985},
   DOI = {10.1038/nsmb.2489},
   year = {2013},
   type = {Journal Article}
}

@article{RN254,
   author = {Chiyoda, Shota and Ishizaki, Kimitsune and Kataoka, Hideo and Yamato, Katsuyuki T. and Kohchi, Takayuki},
   title = {Direct transformation of the liverwort \textit{Marchantia polymorpha} L. by particle bombardment using immature thalli developing from spores},
   journal = {Plant Cell Rep.},
   volume = {27},
   number = {9},
   pages = {1467},
   ISSN = {1432-203X},
   DOI = {10.1007/s00299-008-0570-5},
   year = {2008},
   type = {Journal Article}
}

@article{RN70,
   author = {Chow, Hiu Tung and Chakraborty, Tania and Mosher, Rebecca A.},
   title = {{RNA}-directed {DNA} Methylation and sexual reproduction: expanding beyond the seed},
   journal = {Current Opinion in Plant Biology},
   volume = {54},
   pages = {11-17},
   ISSN = {1369-5266},
   DOI = {https://doi.org/10.1016/j.pbi.2019.11.006},
   year = {2020},
   type = {Journal Article}
}

@article{RN253,
   author = {Clark, T. A. and Murray, I. A. and Morgan, R. D. and Kislyuk, A. O. and Spittle, K. E. and Boitano, M. and Fomenkov, A. and Roberts, R. J. and Korlach, J.},
   title = {Characterization of {DNA} methyltransferase specificities using single-molecule, real-time {DNA} sequencing},
   journal = {Nucleic Acids Res.},
   volume = {40},
   number = {4},
   pages = {e29},
   ISSN = {0305-1048 (Print)
0305-1048},
   DOI = {10.1093/nar/gkr1146},
   year = {2012},
   type = {Journal Article}
}

@article{RN252,
   author = {Coleman-Derr, Devin and Zilberman, Daniel},
   title = {Deposition of histone variant H2A.Z within gene bodies regulates responsive genes},
   journal = {PLoS Genet.},
   volume = {8},
   number = {10},
   pages = {e1002988},
   DOI = {10.1371/journal.pgen.1002988},
   year = {2012},
   type = {Journal Article}
}

@article{RN73,
   author = {Creasey, Kate M and Zhai, Jixian and Borges, Filipe and Van Ex, Frederic and Regulski, Michael and Meyers, Blake C and Martienssen, Robert A},
   title = {mi{RNA}s trigger widespread epigenetically activated si{RNA}s from transposons in \textit{Arabidopsis}},
   journal = {Nature},
   volume = {508},
   number = {7496},
   pages = {411-415},
   ISSN = {1476-4687},
   year = {2014},
   type = {Journal Article}
}

@article{RN133,
   author = {Cuerda-Gil, D. and Slotkin, R. K.},
   title = {Non-canonical {RNA}-directed {DNA} methylation},
   journal = {Nat Plants},
   volume = {2},
   number = {11},
   pages = {16163},
   ISSN = {2055-0278},
   DOI = {10.1038/nplants.2016.163},
   year = {2016},
   type = {Journal Article}
}

@article{RN153,
   author = {Das, Soumita and Swetha, Chenna and Pachamuthu, Kannan and Nair, Ashwin and Shivaprasad, PV},
   title = {Loss of function of \textit{Oryza sativa} {Argonaute} 18 induces male sterility and reduction in phased small {RNA}s},
   journal = {Plant reproduction},
   volume = {33},
   number = {1},
   pages = {59-73},
   ISSN = {2194-7961},
   year = {2020},
   type = {Journal Article}
}

@article{RN251,
   author = {Davis, B. M. and Chao, M. C. and Waldor, M. K.},
   title = {Entering the era of bacterial epigenomics with single molecule real time {DNA} sequencing},
   journal = {Curr. Opin. Microbiol.},
   volume = {16},
   number = {2},
   pages = {192-8},
   ISSN = {1369-5274 (Print)
1369-5274},
   DOI = {10.1016/j.mib.2013.01.011},
   year = {2013},
   type = {Journal Article}
}

@article{RN27,
   author = {Daxinger, L. and Whitelaw, E.},
   title = {Understanding transgenerational epigenetic inheritance via the gametes in mammals},
   journal = {Nature Reviews Genetics},
   volume = {13},
   number = {3},
   pages = {153-162},
   ISSN = {1471-0056},
   DOI = {10.1038/nrg3188},
   year = {2012},
   type = {Journal Article}
}

@article{RN250,
   author = {de Mendoza, Alex and Lister, Ryan and Bogdanovic, Ozren},
   title = {Evolution of {DNA} methylome diversity in eukaryotes},
   journal = {J. Mol. Biol.},
   volume = {432},
   number = {6},
   pages = {1687-1705},
   ISSN = {0022-2836},
   DOI = {https://doi.org/10.1016/j.jmb.2019.11.003},
   year = {2020},
   type = {Journal Article}
}

@article{RN150,
   author = {Dhaka, Namrata and Sharma, Shalini and Vashisht, Ira and Kandpal, Manu and Sharma, Manoj Kumar and Sharma, Rita},
   title = {Small {RNA} profiling from meiotic and post-meiotic anthers reveals prospective mi{RNA}-target modules for engineering male fertility in sorghum},
   journal = {Genomics},
   volume = {112},
   number = {2},
   pages = {1598-1610},
   ISSN = {0888-7543},
   year = {2020},
   type = {Journal Article}
}

@article{RN80,
   author = {Dodsworth, Steven and Leitch, Andrew R and Leitch, Ilia J},
   title = {Genome size diversity in angiosperms and its influence on gene space},
   journal = {Current opinion in genetics \& development},
   volume = {35},
   pages = {73-78},
   ISSN = {0959-437X},
   year = {2015},
   type = {Journal Article}
}

@article{RN99,
   author = {Du, J. and Zhong, X. and Bernatavichute, Y. V. and Stroud, H. and Feng, S. and Caro, E. and Vashisht, A. A. and Terragni, J. and Chin, H. G. and Tu, A. and Hetzel, J. and Wohlschlegel, J. A. and Pradhan, S. and Patel, D. J. and Jacobsen, S. E.},
   title = {Dual binding of chromomethylase domains to {H3K9}me2-containing nucleosomes directs {DNA} methylation in plants},
   journal = {Cell},
   volume = {151},
   number = {1},
   pages = {167-80},
   ISSN = {0092-8674 (Print)
0092-8674},
   DOI = {10.1016/j.cell.2012.07.034},
   year = {2012},
   type = {Journal Article}
}

@article{RN36,
   author = {Du, J. M. and Johnson, L. M. and Jacobsen, S. E. and Patel, D. J.},
   title = {{DNA} methylation pathways and their crosstalk with histone methylation},
   journal = {Nature Reviews Molecular Cell Biology},
   volume = {16},
   number = {9},
   pages = {519-532},
   ISSN = {1471-0072},
   DOI = {10.1038/nrm4043},
   year = {2015},
   type = {Journal Article}
}

@article{RN41,
   author = {Dubin, M. J. and Zhang, P. and Meng, D. Z. and Remigereau, M. S. and Osborne, E. J. and Casale, F. P. and Drewe, P. and Kahles, A. and Jean, G. and Vilhjalmsson, B. and Jagoda, J. and Irez, S. and Voronin, V. and Song, Q. and Long, Q. and Ratsch, G. and Stegle, O. and Clark, R. M. and Nordborg, M.},
   title = {{DNA} methylation in \textit{Arabidopsis} has a genetic basis and shows evidence of local adaptation},
   journal = {Elife},
   volume = {4},
   pages = {23},
   ISSN = {2050-084X},
   DOI = {10.7554/eLife.05255},
   year = {2015},
   type = {Journal Article}
}

@article{RN144,
   author = {Durand, Elias J},
   title = {The development of the sexual organs and sporogonium of \textit{Marchantia polymorpha}},
   journal = {Bulletin of the Torrey Botanical Club},
   volume = {35},
   number = {7},
   pages = {321-335},
   ISSN = {0040-9618},
   year = {1908},
   type = {Journal Article}
}

@article{RN35,
   author = {Durán-Figueroa, N. and Vielle-Calzada, J. P.},
   title = {{ARGONAUTE9}-dependent silencing of transposable elements in pericentromeric regions of \textit{Arabidopsis}},
   journal = {Plant Signal Behav},
   volume = {5},
   number = {11},
   pages = {1476-9},
   ISSN = {1559-2316 (Print)
1559-2316},
   DOI = {10.1038/nature08828},
   year = {2010},
   type = {Journal Article}
}

@article{RN61,
   author = {Erdmann, Robert M. and Picard, Colette L.},
   title = {{RNA}-directed {DNA} Methylation},
   journal = {PLOS Genetics},
   volume = {16},
   number = {10},
   pages = {e1009034},
   DOI = {10.1371/journal.pgen.1009034},
   year = {2020},
   type = {Journal Article}
}

@article{RN124,
   author = {Ernst, Christina and Odom, Duncan T. and Kutter, Claudia},
   title = {The emergence of pi{RNA}s against transposon invasion to preserve mammalian genome integrity},
   journal = {Nature Communications},
   volume = {8},
   number = {1},
   pages = {1411},
   ISSN = {2041-1723},
   DOI = {10.1038/s41467-017-01049-7},
   year = {2017},
   type = {Journal Article}
}

@article{RN249,
   author = {Feinberg, A. P. and Koldobskiy, M. A. and Göndör, A.},
   title = {Epigenetic modulators, modifiers and mediators in cancer aetiology and progression},
   journal = {Nat. Rev. Genet.},
   volume = {17},
   number = {5},
   pages = {284-99},
   ISSN = {1471-0056 (Print)
1471-0056},
   DOI = {10.1038/nrg.2016.13},
   year = {2016},
   type = {Journal Article}
}

@article{RN248,
   author = {Feinberg, Andrew P. and Ohlsson, Rolf and Henikoff, Steven},
   title = {The epigenetic progenitor origin of human cancer},
   journal = {Nat. Rev. Genet.},
   volume = {7},
   number = {1},
   pages = {21-33},
   ISSN = {1471-0064},
   DOI = {10.1038/nrg1748},
   year = {2006},
   type = {Journal Article}
}

@article{RN247,
   author = {Feng, Suhua and Jacobsen, Steven E. and Reik, Wolf},
   title = {Epigenetic reprogramming in plant and animal development},
   journal = {Science},
   volume = {330},
   number = {6004},
   pages = {622-627},
   DOI = {10.1126/science.1190614},
   year = {2010},
   type = {Journal Article}
}

@article{RN246,
   author = {Feng, Xiaoqi and Dickinson, Hugh G},
   title = {Tapetal cell fate, lineage and proliferation in the \textit{Arabidopsis} anther},
   journal = {Development},
   volume = {137},
   number = {14},
   pages = {2409-2416},
   ISSN = {0950-1991},
   year = {2010},
   type = {Journal Article}
}

@article{RN29,
   author = {Feng, X. Q. and Dickinson, H. G.},
   title = {Packaging the male germline in plants},
   journal = {Trends in Genetics},
   volume = {23},
   number = {10},
   pages = {503-510},
   ISSN = {0168-9525},
   DOI = {10.1016/j.tig.2007.08.005},
   year = {2007},
   type = {Journal Article}
}

@article{RN14,
   author = {Feng, X. Q. and Zilberman, D. and Dickinson, H.},
   title = {A Conversation across Generations: Soma-Germ Cell Crosstalk in Plants},
   journal = {Developmental Cell},
   volume = {24},
   number = {3},
   pages = {215-225},
   ISSN = {1534-5807},
   DOI = {10.1016/j.devcel.2013.01.014},
   year = {2013},
   type = {Journal Article}
}

@article{RN113,
   author = {Feschotte, Cédric},
   title = {Transposable elements and the evolution of regulatory networks},
   journal = {Nature Reviews Genetics},
   volume = {9},
   number = {5},
   pages = {397-405},
   ISSN = {1471-0064},
   year = {2008},
   type = {Journal Article}
}

@article{RN245,
   author = {Flores-Sandoval, E. and Dierschke, T. and Fisher, T. J. and Bowman, J. L.},
   title = {Efficient and inducible use of artificial micro{RNA}s in \textit{Marchantia polymorpha}},
   journal = {Plant Cell Physiol.},
   volume = {57},
   number = {2},
   pages = {281-90},
   ISSN = {0032-0781},
   DOI = {10.1093/pcp/pcv068},
   year = {2016},
   type = {Journal Article}
}

@article{RN244,
   author = {Flusberg, B. A. and Webster, D. R. and Lee, J. H. and Travers, K. J. and Olivares, E. C. and Clark, T. A. and Korlach, J. and Turner, S. W.},
   title = {Direct detection of {DNA} methylation during single-molecule, real-time sequencing},
   journal = {Nat. Methods},
   volume = {7},
   number = {6},
   pages = {461-5},
   ISSN = {1548-7091 (Print)
1548-7091},
   DOI = {10.1038/nmeth.1459},
   year = {2010},
   type = {Journal Article}
}

@article{RN169,
   author = {Frank, M. H. and Scanlon, M. J.},
   title = {Transcriptomic evidence for the evolution of shoot meristem function in sporophyte-dominant land plants through concerted selection of ancestral gametophytic and sporophytic genetic programs},
   journal = {Mol Biol Evol},
   volume = {32},
   number = {2},
   pages = {355-67},
   ISSN = {0737-4038},
   DOI = {10.1093/molbev/msu303},
   year = {2015},
   type = {Journal Article}
}

@article{RN243,
   author = {Frommer, M. and McDonald, L. E. and Millar, D. S. and Collis, C. M. and Watt, F. and Grigg, G. W. and Molloy, P. L. and Paul, C. L.},
   title = {A genomic sequencing protocol that yields a positive display of 5-methylcytosine residues in individual {DNA} strands},
   journal = {Proc. Natl. Acad. Sci. U.S.A.},
   volume = {89},
   number = {5},
   pages = {1827-31},
   ISSN = {0027-8424 (Print)
0027-8424},
   DOI = {10.1073/pnas.89.5.1827},
   year = {1992},
   type = {Journal Article}
}

@article{RN158,
   author = {Fujimoto, S. and Sugano, S. S. and Kuwata, K. and Osakabe, K. and Matsunaga, S.},
   title = {Visualization of specific repetitive genomic sequences with fluorescent {TALE}s in \textit{Arabidopsis thaliana}},
   journal = {J Exp Bot},
   volume = {67},
   number = {21},
   pages = {6101-6110},
   ISSN = {0022-0957 (Print)
0022-0957},
   DOI = {10.1093/jxb/erw371},
   year = {2016},
   type = {Journal Article}
}

@article{RN242,
   author = {Fujisawa, M. and Hayashi, K. and Nishio, T. and Bando, T. and Okada, S. and Yamato, K. T. and Fukuzawa, H. and Ohyama, K.},
   title = {Isolation of {X} and {Y} chromosome-specific {DNA} markers from a liverwort, \textit{Marchantia polymorpha}, by representational difference analysis},
   journal = {Genetics},
   volume = {159},
   number = {3},
   pages = {981-5},
   ISSN = {0016-6731 (Print)
0016-6731},
   year = {2001},
   type = {Journal Article}
}

@article{RN241,
   author = {Gaudet, F. and Hodgson, J. G. and Eden, A. and Jackson-Grusby, L. and Dausman, J. and Gray, J. W. and Leonhardt, H. and Jaenisch, R.},
   title = {Induction of tumors in mice by genomic hypomethylation},
   journal = {Science},
   volume = {300},
   number = {5618},
   pages = {489-92},
   ISSN = {0036-8075},
   DOI = {10.1126/science.1083558},
   year = {2003},
   type = {Journal Article}
}

@article{RN240,
   author = {Goujon, M. and McWilliam, H. and Li, W. and Valentin, F. and Squizzato, S. and Paern, J. and Lopez, R.},
   title = {A new bioinformatics analysis tools framework at {EMBL-EBI}},
   journal = {Nucleic Acids Res.},
   volume = {38},
   number = {Web Server issue},
   pages = {W695-9},
   ISSN = {0305-1048 (Print)
0305-1048},
   DOI = {10.1093/nar/gkq313},
   year = {2010},
   type = {Journal Article}
}

@article{RN40,
   author = {Grant-Downton, R. and Kourmpetli, S. and Hafidh, S. and Khatab, H. and Le Trionnaire, G. and Dickinson, H. and Twell, D.},
   title = {Artificial micro{RNA}s reveal cell-specific differences in small {RNA} activity in pollen},
   journal = {Current Biology},
   volume = {23},
   number = {14},
   pages = {R599-R601},
   ISSN = {0960-9822},
   DOI = {10.1016/j.cub.2013.05.055},
   year = {2013},
   type = {Journal Article}
}

@article{RN76,
   author = {Gregory, T Ryan},
   title = {The {C}-value enigma in plants and animals: a review of parallels and an appeal for partnership},
   journal = {Annals of botany},
   volume = {95},
   number = {1},
   pages = {133-146},
   ISSN = {1095-8290},
   year = {2005},
   type = {Journal Article}
}

@article{RN163,
   author = {Grover, Jeffrey W and Burgess, Diane and Kendall, Timmy and Baten, Abdul and Pokhrel, Suresh and King, Graham J and Meyers, Blake C and Freeling, Michael and Mosher, Rebecca A},
   title = {Abundant expression of maternal si{RNA}s is a conserved feature of seed development},
   journal = {Proceedings of the National Academy of Sciences},
   volume = {117},
   number = {26},
   pages = {15305-15315},
   ISSN = {0027-8424},
   year = {2020},
   type = {Journal Article}
}

@article{RN91,
   author = {Handzlik, Joanna E. and Tastsoglou, Spyros and Vlachos, Ioannis S. and Hatzigeorgiou, Artemis G.},
   title = {Manatee: detection and quantification of small non-coding {RNA}s from next-generation sequencing data},
   journal = {Scientific Reports},
   volume = {10},
   number = {1},
   pages = {705},
   ISSN = {2045-2322},
   DOI = {10.1038/s41598-020-57495-9},
   year = {2020},
   type = {Journal Article}
}

@article{RN239,
   author = {Harris, A. J. and Goldman, Aaron David},
   title = {The complex phylogenetic relationships of a {4mC/6mA} {DNA} methyltransferase in prokaryotes},
   journal = {Mol. Phylogenet. Evol.},
   volume = {149},
   pages = {106837},
   ISSN = {1055-7903},
   DOI = {https://doi.org/10.1016/j.ympev.2020.106837},
      year = {2020},
   type = {Journal Article}
}

@article{RN238,
   author = {He, Xin-Jian and Chen, Taiping and Zhu, Jian-Kang},
   title = {Regulation and function of {DNA} methylation in plants and animals},
   journal = {Cell Res.},
   volume = {21},
   number = {3},
   pages = {442-465},
   ISSN = {1001-0602},
   year = {2011},
   type = {Journal Article}
}

@article{RN237,
   author = {Healey, Adam and Furtado, Agnelo and Cooper, Tal and Henry, Robert J.},
   title = {Protocol: a simple method for extracting next-generation sequencing quality genomic {DNA} from recalcitrant plant species},
   journal = {Plant Methods},
   volume = {10},
   number = {1},
   pages = {21},
   ISSN = {1746-4811},
   DOI = {10.1186/1746-4811-10-21},
   year = {2014},
   type = {Journal Article}
}

@article{RN122,
   author = {Henderson, Ian R and Jacobsen, Steven E},
   title = {Epigenetic inheritance in plants},
   journal = {Nature},
   volume = {447},
   number = {7143},
   pages = {418-424},
   ISSN = {1476-4687},
   year = {2007},
   type = {Journal Article}
}

@article{RN102,
   author = {Hickey, D. A.},
   title = {Selfish {DNA}: a sexually-transmitted nuclear parasite},
   journal = {Genetics},
   volume = {101},
   number = {3-4},
   pages = {519-31},
   ISSN = {0016-6731 (Print)
0016-6731},
   year = {1982},
   type = {Journal Article}
}

@article{RN236,
   author = {Higo, A. and Niwa, M. and Yamato, K. T. and Yamada, L. and Sawada, H. and Sakamoto, T. and Kurata, T. and Shirakawa, M. and Endo, M. and Shigenobu, S. and Yamaguchi, K. and Ishizaki, K. and Nishihama, R. and Kohchi, T. and Araki, T.},
   title = {Transcriptional framework of male gametogenesis in the liverwort \textit{Marchantia polymorpha} L},
   journal = {Plant Cell Physiol.},
   volume = {57},
   number = {2},
   pages = {325-38},
   ISSN = {0032-0781},
   DOI = {10.1093/pcp/pcw005},
   year = {2016},
   type = {Journal Article}
}

@article{RN139,
   author = {Hisanaga, Tetsuya and Fujimoto, Shota and Cui, Yihui and Sato, Katsutoshi and Sano, Ryosuke and Yamaoka, Shohei and Kohchi, Takayuki and Berger, Frédéric and Nakajima, Keiji},
   title = {Deep evolutionary origin of gamete-directed zygote activation by {KNOX/BELL} transcription factors in green plants},
   journal = {eLife},
   volume = {10},
   pages = {e57090},
   ISSN = {2050-084X},
   DOI = {10.7554/eLife.57090},
   year = {2021},
   type = {Journal Article}
}

@article{RN17,
   author = {Hsieh, P. H. and He, S. B. and Buttress, T. and Gao, H. B. and Couchman, M. and Fischer, R. L. and Zilberman, D. and Feng, X. Q.},
   title = {\textit{Arabidopsis} male sexual lineage exhibits more robust maintenance of CG methylation than somatic tissues},
   journal = {Proceedings of the National Academy of Sciences of the United States of America},
   volume = {113},
   number = {52},
   pages = {15132-15137},
   ISSN = {0027-8424},
   DOI = {10.1073/pnas.1619074114},
   year = {2016},
   type = {Journal Article}
}

@article{RN151,
   author = {Huang, Jiyue and Wang, Cong and Li, Xiang and Fang, Xiaolong and Huang, Ning and Wang, Ying and Ma, Hong and Wang, Yingxiang and Copenhaver, Gregory P},
   title = {Conservation and divergence in the meiocyte s{RNA}omes of \textit{Arabidopsis}, soybean, and cucumber},
   journal = {Plant physiology},
   volume = {182},
   number = {1},
   pages = {301-317},
   ISSN = {1532-2548},
   year = {2020},
   type = {Journal Article}
}

@article{RN69,
   author = {Huang, Kun and Baldrich, Patricia and Meyers, Blake C and Caplan, Jeffrey L},
   title = {s{RNA}‐{FISH}: versatile fluorescent in situ detection of small {RNA}s in plants},
   journal = {The Plant Journal},
   volume = {98},
   number = {2},
   pages = {359-369},
   ISSN = {0960-7412},
   year = {2019},
   type = {Journal Article}
}

@article{RN235,
   author = {Ibarra, Christian A. and Feng, Xiaoqi and Schoft, Vera K. and Hsieh, Tzung-Fu and Uzawa, Rie and Rodrigues, Jessica A. and Zemach, Assaf and Chumak, Nina and Machlicova, Adriana and Nishimura, Toshiro and Rojas, Denisse and Fischer, Robert L. and Tamaru, Hisashi and Zilberman, Daniel},
   title = {Active {DNA} demethylation in plant companion cells reinforces transposon methylation in gametes},
   journal = {Science},
   volume = {337},
   number = {6100},
   pages = {1360-1364},
   DOI = {10.1126/science.1224839},
   year = {2012},
   type = {Journal Article}
}

@article{RN79,
   author = {Ibarra-Laclette, Enrique and Lyons, Eric and Hernández-Guzmán, Gustavo and Pérez-Torres, Claudia Anahí and Carretero-Paulet, Lorenzo and Chang, Tien-Hao and Lan, Tianying and Welch, Andreanna J and Juárez, María Jazmín Abraham and Simpson, June},
   title = {Architecture and evolution of a minute plant genome},
   journal = {Nature},
   volume = {498},
   number = {7452},
   pages = {94-98},
   ISSN = {1476-4687},
   year = {2013},
   type = {Journal Article}
}

@article{RN234,
   author = {Ikeda, Yoko and Nishihama, Ryuichi and Yamaoka, Shohei and Arteaga-Vazquez, Mario A and Aguilar-Cruz, Adolfo and Grimanelli, Daniel and Pogorelcnik, Romain and Martienssen, Robert A and Yamato, Katsuyuki T and Kohchi, Takayuki and Hirayama, Takashi and Mathieu, Olivier},
   title = {Loss of {CG} methylation in \textit{Marchantia polymorpha} causes disorganization of cell division and reveals unique {DNA} methylation regulatory mechanisms of non-{CG} methylation},
   journal = {Plant Cell Physiol.},
   volume = {59},
   number = {12},
   pages = {2421-2431},
   ISSN = {0032-0781},
   DOI = {10.1093/pcp/pcy161},
   year = {2018},
   type = {Journal Article}
}

@article{RN172,
   author = {Inoue, A. and Jiang, L. and Lu, F. and Suzuki, T. and Zhang, Y.},
   title = {Maternal {H3K27me3} controls {DNA} methylation-independent imprinting},
   journal = {Nature},
   volume = {547},
   number = {7664},
   pages = {419-424},
   ISSN = {0028-0836 (Print)
0028-0836},
   DOI = {10.1038/nature23262},
   year = {2017},
   type = {Journal Article}
}

@article{RN233,
   author = {Ishizaki, K. and Nishihama, R. and Ueda, M. and Inoue, K. and Ishida, S. and Nishimura, Y. and Shikanai, T. and Kohchi, T.},
   title = {Development of gateway binary vector series with four different selection markers for the liverwort \textit{Marchantia polymorpha}},
   journal = {PLoS One},
   volume = {10},
   number = {9},
   pages = {e0138876},
   ISSN = {1932-6203},
   DOI = {10.1371/journal.pone.0138876},
   year = {2015},
   type = {Journal Article}
}

@article{RN104,
   author = {Ito, Hidetaka and Kim, Jong-Myong and Matsunaga, Wataru and Saze, Hidetoshi and Matsui, Akihiro and Endo, Takaho A. and Harukawa, Yoshiko and Takagi, Hiroki and Yaegashi, Hiroki and Masuta, Yukari and Masuda, Seiji and Ishida, Junko and Tanaka, Maho and Takahashi, Satoshi and Morosawa, Taeko and Toyoda, Tetsuro and Kakutani, Tetsuji and Kato, Atsushi and Seki, Motoaki},
   title = {A Stress-Activated Transposon in \textit{Arabidopsis} Induces Transgenerational Abscisic Acid Insensitivity},
   journal = {Scientific Reports},
   volume = {6},
   number = {1},
   pages = {23181},
   ISSN = {2045-2322},
   DOI = {10.1038/srep23181},
   year = {2016},
   type = {Journal Article}
}

@article{RN179,
   author = {Iwasaki, Miyuki and Kajiwara, Tomoaki and Yasui, Yukiko and Yoshitake, Yoshihiro and Miyazaki, Motoki and Kawamura, Shogo and Suetsugu, Noriyuki and Nishihama, Ryuichi and Yamaoka, Shohei and Wanke, Dierk},
   title = {Identification of the sex-determining factor in the liverwort \textit{Marchantia polymorpha} reveals unique evolution of sex chromosomes in a haploid system},
   journal = {Current Biology},
   volume = {31},
   number = {24},
   pages = {5522-5532. e7},
   ISSN = {0960-9822},
   year = {2021},
   type = {Journal Article}
}

@article{RN100,
   author = {Jacobsen, S. E. and Meyerowitz, E. M.},
   title = {Hypermethylated {SUPERMAN} epigenetic alleles in \textit{\textit{Arabidopsis}}},
   journal = {Science},
   volume = {277},
   number = {5329},
   pages = {1100-3},
   ISSN = {0036-8075 (Print)
0036-8075},
   DOI = {10.1126/science.277.5329.1100},
   year = {1997},
   type = {Journal Article}
}

@article{RN54,
   author = {Johnson, K. C. M. and Xia, S. T. and Feng, X. Q. and Li, X.},
   title = {The Chromatin Remodeler {SPLAYED} Negatively Regulates {SNC1}-Mediated Immunity},
   journal = {Plant and Cell Physiology},
   volume = {56},
   number = {8},
   pages = {1616-1623},
   ISSN = {0032-0781},
   DOI = {10.1093/pcp/pcv087},
   year = {2015},
   type = {Journal Article}
}

@article{RN92,
   author = {Johnson, Nathan R and Yeoh, Jonathan M and Coruh, Ceyda and Axtell, Michael J},
   title = {Improved placement of multi-mapping small {RNA}s},
   journal = {G3: Genes, Genomes, Genetics},
   volume = {6},
   number = {7},
   pages = {2103-2111},
   ISSN = {2160-1836},
   year = {2016},
   type = {Journal Article}
}

@article{RN101,
   author = {Joly-Lopez, Z. and Bureau, T. E.},
   title = {Diversity and evolution of transposable elements in \textit{Arabidopsis}},
   journal = {Chromosome Res},
   volume = {22},
   number = {2},
   pages = {203-16},
   ISSN = {0967-3849},
   DOI = {10.1007/s10577-014-9418-8},
   year = {2014},
   type = {Journal Article}
}

@article{RN232,
   author = {Jones, V. A. and Dolan, L.},
   title = {{MpWIP} regulates air pore complex development in the liverwort \textit{Marchantia polymorpha}},
   journal = {Development},
   volume = {144},
   number = {8},
   pages = {1472-1476},
   ISSN = {0950-1991 (Print)
0950-1991},
   DOI = {10.1242/dev.144287},
   year = {2017},
   type = {Journal Article}
}

@article{RN131,
   author = {Kalantidis, Kriton and Schumacher, Heiko Tobias and Alexiadis, Tasos and Helm, Jutta Maria},
   title = {{RNA} silencing movement in plants},
   journal = {Biology of the Cell},
   volume = {100},
   number = {1},
   pages = {13-26},
   ISSN = {0248-4900},
   DOI = {https://doi.org/10.1042/BC20070079},
   year = {2008},
   type = {Journal Article}
}

@article{RN115,
   author = {Kaul, Samir and Koo, Hean L and Jenkins, Jennifer and Rizzo, Michael and Rooney, Timothy and Tallon, Luke J and Feldblyum, Tamara and Nierman, William and Benito, Maria Ines and Lin, Xiaoying},
   title = {Analysis of the genome sequence of the flowering plant \textit{Arabidopsis thaliana}},
   journal = {nature},
   volume = {408},
   number = {6814},
   pages = {796-815},
   ISSN = {0028-0836},
   year = {2000},
   type = {Journal Article}
}

@article{RN42,
   author = {Kawakatsu, T. and Huang, S. S. C. and Jupe, F. and Sasaki, E. and Schmitz, R. J. and Urich, M. A. and Castanon, R. and Nery, J. R. and Barragan, C. and He, Y. P. and Chen, H. M. and Dubin, M. and Lee, C. R. and Wang, C. M. and Bemm, F. and Becker, C. and O'Neil, R. and O'Malley, R. C. and Quarless, D. X. and Schork, N. J. and Weigel, D. and Nordborg, M. and Ecker, J. R. and Genomes, Consortium},
   title = {Epigenomic Diversity in a Global Collection of \textit{Arabidopsis thaliana} Accessions},
   journal = {Cell},
   volume = {166},
   number = {2},
   pages = {492-505},
   ISSN = {0092-8674},
   DOI = {10.1016/j.cell.2016.06.044},
   year = {2016},
   type = {Journal Article}
}

@article{RN12,
   author = {Kawashima, T. and Berger, F.},
   title = {Epigenetic reprogramming in plant sexual reproduction},
   journal = {Nature Reviews Genetics},
   volume = {15},
   number = {9},
   pages = {613-624},
   ISSN = {1471-0056},
   DOI = {10.1038/nrg3685},
   year = {2014},
   type = {Journal Article}
}

@article{RN132,
   author = {Kehr, Julia and Kragler, Friedrich},
   title = {Long distance {RNA} movement},
   journal = {New Phytologist},
   volume = {218},
   number = {1},
   pages = {29-40},
   ISSN = {0028-646X},
   DOI = {https://doi.org/10.1111/nph.15025},
   year = {2018},
   type = {Journal Article}
}

@article{RN52,
   author = {Kim, M. Y. and Zilberman, D.},
   title = {{DNA} methylation as a system of plant genomic immunity},
   journal = {Trends in Plant Science},
   volume = {19},
   number = {5},
   pages = {320-326},
   ISSN = {1360-1385},
   DOI = {10.1016/j.tplants.2014.01.014},
   year = {2014},
   type = {Journal Article}
}

@article{RN231,
   author = {Kingan, S. B. and Heaton, H. and Cudini, J. and Lambert, C. C. and Baybayan, P. and Galvin, B. D. and Durbin, R. and Korlach, J. and Lawniczak, M. K. N.},
   title = {A high-quality de novo genome assembly from a single mosquito using {PacBio} sequencing},
   journal = {Genes (Basel)},
   volume = {10},
   number = {1},
   ISSN = {2073-4425 (Print)
2073-4425},
   DOI = {10.3390/genes10010062},
   year = {2019},
   type = {Journal Article}
}

@article{RN230,
   author = {Klimasauskas, S. and Timinskas, A. and Menkevicius, S. and Butkiene, D. and Butkus, V. and Janulaitis, A.},
   title = {Sequence motifs characteristic of {DNA}[cytosine-N4]methyltransferases: similarity to adenine and cytosine-{C5} {DNA}-methylases},
   journal = {Nucleic Acids Res.},
   volume = {17},
   number = {23},
   pages = {9823-32},
   ISSN = {0305-1048 (Print)
0305-1048},
   DOI = {10.1093/nar/17.23.9823},
   year = {1989},
   type = {Journal Article}
}

@article{RN141,
   author = {Kron, Paul and Loureiro, João and Castro, Sílvia and Čertner, Martin},
   title = {Flow cytometric analysis of pollen and spores: An overview of applications and methodology},
   journal = {Cytometry Part A},
   volume = {99},
   number = {4},
   pages = {348-358},
   ISSN = {1552-4922},
   DOI = {https://doi.org/10.1002/cyto.a.24330},
   year = {2021},
   type = {Journal Article}
}

@article{RN229,
   author = {Krueger, F. and Andrews, S. R.},
   title = {Bismark: a flexible aligner and methylation caller for Bisulfite-Seq applications},
   journal = {Bioinformatics},
   volume = {27},
   number = {11},
   pages = {1571-2},
   ISSN = {1367-4803 (Print)
1367-4803},
   DOI = {10.1093/bioinformatics/btr167},
   year = {2011},
   type = {Journal Article}
}

@article{RN178,
   author = {Krueger, Felix and Andrews, Simon R},
   title = {{SNP}split: Allele-specific splitting of alignments between genomes with known SNP genotypes},
   journal = {F1000Research},
   volume = {5},
   year = {2016},
   type = {Journal Article}
}

@article{RN185,
   author = {Kurihara, D. and Mizuta, Y. and Nagahara, S. and Higashiyama, T.},
   title = {ClearSeeAlpha: Advanced Optical Clearing for Whole-Plant Imaging},
   journal = {Plant Cell Physiol},
   volume = {62},
   number = {8},
   pages = {1302-1310},
   ISSN = {0032-0781 (Print)
0032-0781},
   DOI = {10.1093/pcp/pcab033},
   year = {2021},
   type = {Journal Article}
}

@article{RN186,
   author = {Kurihara, D. and Mizuta, Y. and Sato, Y. and Higashiyama, T.},
   title = {ClearSee: a rapid optical clearing reagent for whole-plant fluorescence imaging},
   journal = {Development},
   volume = {142},
   number = {23},
   pages = {4168-79},
   ISSN = {0950-1991 (Print)
0950-1991},
   DOI = {10.1242/dev.127613},
   year = {2015},
   type = {Journal Article}
}

@article{RN89,
   author = {Langmead, B},
   title = {Aligning Short Sequencing Reads With Bowtie},
   journal = {Current Protocols in Bioinformatics},
   year = {2010},
   type = {Journal Article}
}

@article{RN116,
   author = {Law, J. A. and Du, J. and Hale, C. J. and Feng, S. and Krajewski, K. and Palanca, A. M. and Strahl, B. D. and Patel, D. J. and Jacobsen, S. E.},
   title = {Polymerase {IV} occupancy at {RNA}-directed {DNA} methylation sites requires {SHH1}},
   journal = {Nature},
   volume = {498},
   number = {7454},
   pages = {385-9},
   ISSN = {0028-0836 (Print) 0028-0836},
   DOI = {10.1038/nature12178},
   year = {2013},
   type = {Journal Article}
}

@article{RN228,
   author = {Law, Julie A. and Jacobsen, Steven E.},
   title = {Establishing, maintaining and modifying {DNA} methylation patterns in plants and animals},
   journal = {Nat. Rev. Genet.},
   volume = {11},
   number = {3},
   pages = {204-220},
   ISSN = {1471-0064},
   DOI = {10.1038/nrg2719},
   year = {2010},
   type = {Journal Article}
}

@article{RN227,
   author = {Lehnertz, B. and Ueda, Y. and Derijck, A. A. and Braunschweig, U. and Perez-Burgos, L. and Kubicek, S. and Chen, T. and Li, E. and Jenuwein, T. and Peters, A. H.},
   title = {Suv39h-mediated histone H3 lysine 9 methylation directs {DNA} methylation to major satellite repeats at pericentric heterochromatin},
   journal = {Curr. Biol.},
   volume = {13},
   number = {14},
   pages = {1192-200},
   ISSN = {0960-9822 (Print)
0960-9822},
   year = {2003},
   type = {Journal Article}
}

@article{RN82,
   author = {Leushkin, Evgeny V and Sutormin, Roman A and Nabieva, Elena R and Penin, Aleksey A and Kondrashov, Alexey S and Logacheva, Maria D},
   title = {The miniature genome of a carnivorous plant Genlisea aurea contains a low number of genes and short non-coding sequences},
   journal = {BMC genomics},
   volume = {14},
   number = {1},
   pages = {1-11},
   ISSN = {1471-2164},
   year = {2013},
   type = {Journal Article}
}

@article{RN44,
   author = {Lewsey, M. G. and Hardcastle, T. J. and Melnyk, C. W. and Molnar, A. and Valli, A. and Urich, M. A. and Nery, J. R. and Baulcombe, D. C. and Ecker, J. R.},
   title = {Mobile small {RNA}s regulate genome-wide {DNA} methylation},
   journal = {Proceedings of the National Academy of Sciences of the United States of America},
   volume = {113},
   number = {6},
   pages = {E801-E810},
   ISSN = {0027-8424},
   DOI = {10.1073/pnas.1515072113},
   year = {2016},
   type = {Journal Article}
}

@article{RN166,
   author = {Li, Chenxin and Gent, Jonathan I and Xu, Hengping and Fu, Hong and Russell, Scott D and Sundaresan, Venkatesan},
   title = {Resetting of the 24-nt si{RNA} landscape in rice zygotes},
   journal = {Genome research},
   volume = {32},
   number = {2},
   pages = {309-323},
   ISSN = {1088-9051},
   year = {2022},
   type = {Journal Article}
}

@article{RN137,
   author = {Li, Chenxin and Xu, Hengping and Fu, Fang-Fang and Russell, Scott D. and Sundaresan, Venkatesan and Gent, Jonathan I.},
   title = {Genome-wide redistribution of 24-nt si{RNA}s in rice gametes},
   journal = {Genome research},
   volume = {30},
   number = {2},
   pages = {173-184},
   ISSN = {1549-5469
1088-9051},
   DOI = {10.1101/gr.253674.119},
   year = {2020},
   type = {Journal Article}
}

@article{RN182,
   author = {Li, Heng and Durbin, Richard},
   title = {Fast and accurate short read alignment with Burrows–Wheeler transform},
   journal = {Bioinformatics},
   volume = {25},
   number = {14},
   pages = {1754-1760},
   ISSN = {1367-4803},
   DOI = {10.1093/bioinformatics/btp324},
   year = {2009},
   type = {Journal Article}
}

@article{RN174,
   author = {Li, Heng and Handsaker, Bob and Wysoker, Alec and Fennell, Tim and Ruan, Jue and Homer, Nils and Marth, Gabor and Abecasis, Goncalo and Durbin, Richard and Subgroup, Genome Project Data Processing},
   title = {The sequence alignment/map format and {SAM}tools},
   journal = {bioinformatics},
   volume = {25},
   number = {16},
   pages = {2078-2079},
   ISSN = {1367-4811},
   year = {2009},
   type = {Journal Article}
}

@article{RN155,
   author = {Lian, Jian-Ping and Yang, Yu-Wei and He, Rui-Rui and Yang, Lu and Zhou, Yan-Fei and Lei, Meng-Qi and Zhang, Zhi and Huang, Jia-Hui and Cheng, Yu and Liu, Yu-Wei and Zhang, Yu-Chan and Chen, Yue-Qin},
   title = {Ubiquitin-dependent {Argonauteprotein} {MEL1} degradation is essential for rice sporogenesis and phasi{RNA} target regulation},
   journal = {The Plant Cell},
   volume = {33},
   number = {8},
   pages = {2685-2700},
   ISSN = {1040-4651},
   DOI = {10.1093/plcell/koab138},
   year = {2021},
   type = {Journal Article}
}

@article{RN96,
   author = {Loenen, Wil AM and Dryden, David TF and Raleigh, Elisabeth A and Wilson, Geoffrey G and Murray, Noreen E},
   title = {Highlights of the {DNA} cutters: a short history of the restriction enzymes},
   journal = {Nucleic acids research},
   volume = {42},
   number = {1},
   pages = {3-19},
   ISSN = {1362-4962},
   year = {2014},
   type = {Journal Article}
}

@article{RN187,
   author = {Long, J. and Walker, J. and She, W. and Aldridge, B. and Gao, H. and Deans, S. and Vickers, M. and Feng, X.},
   title = {Nurse cell--derived small {RNA}s define paternal epigenetic inheritance in \textit{Arabidopsis}},
   journal = {Science},
   volume = {373},
   number = {6550},
   ISSN = {0036-8075},
   DOI = {10.1126/science.abh0556},
   year = {2021},
   type = {Journal Article}
}

@article{RN112,
   author = {Long, Jin Cheng and Xia, Ai Ai and Liu, Jing Han and Jing, Ju Li and Wang, Ya Zhong and Qi, Chuang Ye and He, Yan},
   title = {Decrease in {DNA} methylation 1 ({DDM1}) is required for the formation of m{CHH} islands in maize},
   journal = {Journal of Integrative Plant Biology},
   volume = {61},
   number = {6},
   pages = {749-764},
   ISSN = {1672-9072},
   DOI = {https://doi.org/10.1111/jipb.12733},
   year = {2019},
   type = {Journal Article}
}

@article{RN130,
   author = {Lu, Kuan-Ju and Huang, Nien-Chen and Liu, Yu-Shan and Lu, Chung-An and Yu, Tien-Shin},
   title = {Long-distance movement of \textit{Arabidopsis} {FLOWERING LOCUS T} {RNA} participates in systemic floral regulation},
   journal = {{RNA} biology},
   volume = {9},
   number = {5},
   pages = {653-662},
   ISSN = {1547-6286},
   year = {2012},
   type = {Journal Article}
}

@article{RN226,
   author = {Luo, Chongyuan and Hajkova, Petra and Ecker, Joseph R.},
   title = {Dynamic {DNA} methylation: In the right place at the right time},
   journal = {Science},
   volume = {361},
   number = {6409},
   pages = {1336-1340},
   DOI = {10.1126/science.aat6806},
   year = {2018},
   type = {Journal Article}
}

@article{RN225,
   author = {Marks, Rose A and Smith, Jeramiah J and Cronk, Quentin and Grassa, Christopher J and McLetchie, D Nicholas},
   title = {Genome of the tropical plant \textit{Marchantia inflexa}: implications for sex chromosome evolution and dehydration tolerance},
   journal = {Scientific reports},
   volume = {9},
   number = {1},
   pages = {1-13},
   ISSN = {2045-2322},
   year = {2019},
   type = {Journal Article}
}

@article{RN88,
   author = {Martin, Marcel},
   title = {Cutadapt removes adapter sequences from high-throughput sequencing reads},
   journal = {EMBnet. journal},
   volume = {17},
   number = {1},
   pages = {10-12},
   ISSN = {2226-6089},
   year = {2011},
   type = {Journal Article}
}

@article{RN66,
   author = {Martinez, German and Choudury, Sarah G and Slotkin, R Keith},
   title = {t{RNA}-derived small {RNA}s target transposable element transcripts},
   journal = {Nucleic acids research},
   volume = {45},
   number = {9},
   pages = {5142-5152},
   ISSN = {0305-1048},
   year = {2017},
   type = {Journal Article}
}

@article{RN71,
   author = {Martinez, German and Köhler, Claudia},
   title = {Role of small {RNA}s in epigenetic reprogramming during plant sexual reproduction},
   journal = {Current Opinion in Plant Biology},
   volume = {36},
   pages = {22-28},
   ISSN = {1369-5266},
   DOI = {https://doi.org/10.1016/j.pbi.2016.12.006},
   year = {2017},
   type = {Journal Article}
}

@article{RN39,
   author = {Martinez, G. and Panda, K. and Kohler, C. and Slotkin, R. K.},
   title = {Silencing in sperm cells is directed by {RNA} movement from the surrounding nurse cell},
   journal = {Nature Plants},
   volume = {2},
   number = {4},
   pages = {8},
   ISSN = {2055-026X},
   DOI = {10.1038/nplants.2016.30},
   year = {2016},
   type = {Journal Article}
}

@article{RN75,
   author = {Martinez, German and Wolff, Philip and Wang, Zhenxing and Moreno-Romero, Jordi and Santos-González, Juan and Conze, Lei Liu and DeFraia, Christopher and Slotkin, R Keith and Köhler, Claudia},
   title = {Paternal easi{RNA}s regulate parental genome dosage in \textit{Arabidopsis}},
   journal = {Nature genetics},
   volume = {50},
   number = {2},
   pages = {193-198},
   ISSN = {1546-1718},
   year = {2018},
   type = {Journal Article}
}

@article{RN121,
   author = {Matzke, Marjori A and Kanno, Tatsuo and Matzke, Antonius JM},
   title = {{RNA}-directed {DNA} methylation: the evolution of a complex epigenetic pathway in flowering plants},
   journal = {Annual review of plant biology},
   volume = {66},
   pages = {243-267},
   ISSN = {1543-5008},
   year = {2015},
   type = {Journal Article}
}

@article{RN33,
   author = {Matzke, M. A. and Mosher, R. A.},
   title = {{RNA}-directed {DNA} methylation: an epigenetic pathway of increasing complexity (vol 15, 394, 2014)},
   journal = {Nature Reviews Genetics},
   volume = {15},
   number = {8},
   pages = {1},
   ISSN = {1471-0056},
   year = {2014},
   type = {Journal Article}
}

@article{RN177,
   author = {McKenna, Aaron and Hanna, Matthew and Banks, Eric and Sivachenko, Andrey and Cibulskis, Kristian and Kernytsky, Andrew and Garimella, Kiran and Altshuler, David and Gabriel, Stacey and Daly, Mark},
   title = {The Genome Analysis Toolkit: a MapReduce framework for analyzing next-generation {DNA} sequencing data},
   journal = {Genome research},
   volume = {20},
   number = {9},
   pages = {1297-1303},
   ISSN = {1088-9051},
   year = {2010},
   type = {Journal Article}
}

@article{RN22,
   author = {Melnyk, C. W. and Molnar, A. and Baulcombe, D. C.},
   title = {Intercellular and systemic movement of {RNA} silencing signals},
   journal = {Embo Journal},
   volume = {30},
   number = {17},
   pages = {3553-3563},
   ISSN = {0261-4189},
   DOI = {10.1038/emboj.2011.274},
   year = {2011},
   type = {Journal Article}
}

@article{RN105,
   author = {Miura, A. and Yonebayashi, S. and Watanabe, K. and Toyama, T. and Shimada, H. and Kakutani, T.},
   title = {Mobilization of transposons by a mutation abolishing full {DNA} methylation in \textit{Arabidopsis}},
   journal = {Nature},
   volume = {411},
   number = {6834},
   pages = {212-4},
   ISSN = {0028-0836 (Print)
0028-0836},
   DOI = {10.1038/35075612},
   year = {2001},
   type = {Journal Article}
}

@article{RN45,
   author = {Molnar, A. and Melnyk, C. W. and Bassett, A. and Hardcastle, T. J. and Dunn, R. and Baulcombe, D. C.},
   title = {Small Silencing {RNA}s in Plants Are Mobile and Direct Epigenetic Modification in Recipient Cells},
   journal = {Science},
   volume = {328},
   number = {5980},
   pages = {872-875},
   ISSN = {0036-8075},
   DOI = {10.1126/science.1187959},
   year = {2010},
   type = {Journal Article}
}

@article{RN224,
   author = {Monte, Isabel and Ishida, Sakiko and Zamarreño, Angel M. and Hamberg, Mats and Franco-Zorrilla, José M. and García-Casado, Gloria and Gouhier-Darimont, Caroline and Reymond, Philippe and Takahashi, Kosaku and García-Mina, José M. and Nishihama, Ryuichi and Kohchi, Takayuki and Solano, Roberto},
   title = {Ligand-receptor co-evolution shaped the jasmonate pathway in land plants},
   journal = {Nat. Chem. Biol.},
   volume = {14},
   number = {5},
   pages = {480-488},
   ISSN = {1552-4469},
   DOI = {10.1038/s41589-018-0033-4},
   year = {2018},
   type = {Journal Article}
}

@article{RN160,
   author = {Montgomery, Sean Akira and Hisanaga, Tetsuya and Wang, Nan and Axelsson, Elin and Akimcheva, Svetlana and Sramek, Milos and Liu, Chang and Berger, Frédéric},
   title = {Polycomb-mediated repression of paternal chromosomes maintains haploid dosage in diploid embryos of \textit{Marchantia}},
   journal = {eLife},
   volume = {11},
   pages = {e79258},
   ISSN = {2050-084X},
   DOI = {10.7554/eLife.79258},
   year = {2022},
   type = {Journal Article}
}

@article{RN223,
   author = {Montgomery, Sean A. and Tanizawa, Yasuhiro and Galik, Bence and Wang, Nan and Ito, Tasuku and Mochizuki, Takako and Akimcheva, Svetlana and Bowman, John L. and Cognat, Valérie and Maréchal-Drouard, Laurence and Ekker, Heinz and Hong, Syuan-Fei and Kohchi, Takayuki and Lin, Shih-Shun and Liu, Li-Yu Daisy and Nakamura, Yasukazu and Valeeva, Lia R. and Shakirov, Eugene V. and Shippen, Dorothy E. and Wei, Wei-Lun and Yagura, Masaru and Yamaoka, Shohei and Yamato, Katsuyuki T. and Liu, Chang and Berger, Frédéric},
   title = {Chromatin organization in early land plants reveals an ancestral association between H3K27me3, transposons, and constitutive heterochromatin},
   journal = {Curr. Biol.},
   volume = {30},
   number = {4},
   pages = {573-588.e7},
   ISSN = {0960-9822},
   DOI = {https://doi.org/10.1016/j.cub.2019.12.015},
   year = {2020},
   type = {Journal Article}
}

@article{RN56,
   author = {Mosher, R. A. and Melnyk, C. W. and Kelly, K. A. and Dunn, R. M. and Studholme, D. J. and Baulcombe, D. C.},
   title = {Uniparental expression of {PolIV}-dependent si{RNA}s in developing endosperm of \textit{Arabidopsis}},
   journal = {Nature},
   volume = {460},
   number = {7252},
   pages = {283-U151},
   ISSN = {0028-0836},
   DOI = {10.1038/nature08084},
   year = {2009},
   type = {Journal Article}
}

@article{RN106,
   author = {Muñoz-López, Martín and García-Pérez, José L.},
   title = {{DNA} transposons: nature and applications in genomics},
   journal = {Current genomics},
   volume = {11},
   number = {2},
   pages = {115-128},
   ISSN = {1875-5488
1389-2029},
   DOI = {10.2174/138920210790886871},
   year = {2010},
   type = {Journal Article}
}

@article{RN65,
   author = {Muyle, Aline and Seymour, Danelle and Darzentas, Nikos and Primetis, Elias and Gaut, Brandon S. and Bousios, Alexandros},
   title = {Gene capture by transposable elements leads to epigenetic conflict in maize},
   journal = {bioRxiv},
   pages = {777037},
   DOI = {10.1101/777037},
   year = {2020},
   type = {Journal Article}
}

@article{RN222,
   author = {Noy-Malka, C. and Yaari, R. and Itzhaki, R. and Mosquna, A. and Auerbach Gershovitz, N. and Katz, A. and Ohad, N.},
   title = {A single {CMT} methyltransferase homolog is involved in CHG {DNA} methylation and development of Physcomitrella patens},
   journal = {Plant. Mol. Biol.},
   volume = {84},
   number = {6},
   pages = {719-35},
   ISSN = {0167-4412},
   DOI = {10.1007/s11103-013-0165-6},
   year = {2014},
   type = {Journal Article}
}

@article{RN78,
   author = {Nystedt, Björn and Street, Nathaniel R and Wetterbom, Anna and Zuccolo, Andrea and Lin, Yao-Cheng and Scofield, Douglas G and Vezzi, Francesco and Delhomme, Nicolas and Giacomello, Stefania and Alexeyenko, Andrey},
   title = {The Norway spruce genome sequence and conifer genome evolution},
   journal = {Nature},
   volume = {497},
   number = {7451},
   pages = {579-584},
   ISSN = {1476-4687},
   year = {2013},
   type = {Journal Article}
}

@article{RN221,
   author = {O’Brown, Zach K. and Boulias, Konstantinos and Wang, Jie and Wang, Simon Yuan and O’Brown, Natasha M. and Hao, Ziyang and Shibuya, Hiroki and Fady, Paul-Enguerrand and Shi, Yang and He, Chuan and Megason, Sean G. and Liu, Tao and Greer, Eric L.},
   title = {Sources of artifact in measurements of 6mA and 4mC abundance in eukaryotic genomic {DNA}},
   journal = {BMC Genom.},
   volume = {20},
   number = {1},
   pages = {445},
   ISSN = {1471-2164},
   DOI = {10.1186/s12864-019-5754-6},
   year = {2019},
   type = {Journal Article}
}

@article{RN149,
   author = {Oliver, C. and Martinez, G.},
   title = {Accumulation dynamics of {ARGONAUTE} proteins during meiosis in \textit{Arabidopsis}},
   journal = {Plant Reprod},
   volume = {35},
   number = {2},
   pages = {153-160},
   ISSN = {2194-7953 (Print)
2194-7953},
   DOI = {10.1007/s00497-021-00434-z},
   year = {2022},
   type = {Journal Article}
}

@article{RN34,
   author = {Olmedo-Monfil, V. and Duran-Figueroa, N. and Arteaga-Vazquez, M. and Demesa-Arevalo, E. and Autran, D. and Grimanelli, D. and Slotkin, R. K. and Martienssen, R. A. and Vielle-Calzada, J. P.},
   title = {Control of female gamete formation by a small {RNA} pathway in \textit{Arabidopsis}},
   journal = {Nature},
   volume = {464},
   number = {7288},
   pages = {628-U200},
   ISSN = {0028-0836},
   DOI = {10.1038/nature08828},
   year = {2010},
   type = {Journal Article}
}

@article{RN220,
   author = {Ouellette, M. and Gogarten, J. P. and Lajoie, J. and Makkay, A. M. and Papke, R. T.},
   title = {Characterizing the {DNA} methyltransferases of Haloferax volcanii via bioinformatics, gene deletion, and SMRT sequencing},
   journal = {Genes (Basel)},
   volume = {9},
   number = {3},
   ISSN = {2073-4425 (Print)
2073-4425},
   DOI = {10.3390/genes9030129},
   year = {2018},
   type = {Journal Article}
}

@article{RN21,
   author = {Park, K. and Kim, M. Y. and Vickers, M. and Park, J. S. and Hyun, Y. and Okamoto, T. and Zilberman, D. and Fischer, R. L. and Feng, X. Q. and Choi, Y. and Scholten, S.},
   title = {{DNA} demethylation is initiated in the central cells of \textit{Arabidopsis} and rice},
   journal = {Proceedings of the National Academy of Sciences of the United States of America},
   volume = {113},
   number = {52},
   pages = {15138-15143},
   ISSN = {0027-8424},
   DOI = {10.1073/pnas.1619047114},
   year = {2016},
   type = {Journal Article}
}

@article{RN51,
   author = {Paszkowski, J. and Grossniklaus, U.},
   title = {Selected aspects of transgenerational epigenetic inheritance and resetting in plants},
   journal = {Current Opinion in Plant Biology},
   volume = {14},
   number = {2},
   pages = {195-203},
   ISSN = {1369-5266},
   DOI = {10.1016/j.pbi.2011.01.002},
   year = {2011},
   type = {Journal Article}
}

@article{RN81,
   author = {Pellicer, Jaume and Leitch, Ilia J},
   title = {The Plant {DNA} {C}‐values database (release 7.1): an updated online repository of plant genome size data for comparative studies},
   journal = {New Phytologist},
   volume = {226},
   number = {2},
   pages = {301-305},
   ISSN = {0028-646X},
   year = {2020},
   type = {Journal Article}
}

@article{RN219,
   author = {Picelli, Simone and Faridani, Omid R. and Björklund, Åsa K. and Winberg, Gösta and Sagasser, Sven and Sandberg, Rickard},
   title = {Full-length {RNA}-seq from single cells using Smart-seq2},
   journal = {Nat. Protoc.},
   volume = {9},
   number = {1},
   pages = {171-181},
   ISSN = {1750-2799},
   DOI = {10.1038/nprot.2014.006},
   year = {2014},
   type = {Journal Article}
}

@article{RN218,
   author = {Pikaard, C. S. and Mittelsten Scheid, O.},
   title = {Epigenetic regulation in plants},
   journal = {Cold Spring Harb. Perspect. Biol.},
   volume = {6},
   number = {12},
   pages = {a019315},
   ISSN = {1943-0264},
   DOI = {10.1101/cshperspect.a019315},
   year = {2014},
   type = {Journal Article}
}

@article{RN38,
   author = {Pyott, D. E. and Molnar, A.},
   title = {Going mobile: Non-cell-autonomous small {RNA}s shape the genetic landscape of plants},
   journal = {Plant Biotechnology Journal},
   volume = {13},
   number = {3},
   pages = {306-318},
   ISSN = {1467-7644},
   DOI = {10.1111/pbi.12353},
   year = {2015},
   type = {Journal Article}
}

@article{RN90,
   author = {Quinlan, Aaron R and Hall, Ira M},
   title = {{BEDTools}: a flexible suite of utilities for comparing genomic features},
   journal = {Bioinformatics},
   volume = {26},
   number = {6},
   pages = {841-842},
   ISSN = {1460-2059},
   year = {2010},
   type = {Journal Article}
}

@article{RN217,
   author = {Quinlivan, Eoin P. and Gregory, Jesse F.},
   title = {{DNA} digestion to deoxyribonucleoside: A simplified one-step procedure},
   journal = {Anal. Biochem.},
   volume = {373},
   number = {2},
   pages = {383-385},
   ISSN = {0003-2697},
   DOI = {https://doi.org/10.1016/j.ab.2007.09.031},
   year = {2008},
   type = {Journal Article}
}

@article{RN216,
   author = {Ran, F. A. and Hsu, P. D. and Lin, C. Y. and Gootenberg, J. S. and Konermann, S. and Trevino, A. E. and Scott, D. A. and Inoue, A. and Matoba, S. and Zhang, Y. and Zhang, F.},
   title = {Double nicking by {RNA}-guided {CRISPR Cas9} for enhanced genome editing specificity},
   journal = {Cell},
   volume = {154},
   number = {6},
   pages = {1380-9},
   ISSN = {0092-8674 (Print)
0092-8674},
   DOI = {10.1016/j.cell.2013.08.021},
   year = {2013},
   type = {Journal Article}
}

@article{RN156,
   author = {Rathi, Preeti and Maurer, Sara and Summerer, Daniel},
   title = {Selective recognition of {N4}-methylcytosine in {DNA} by engineered transcription-activator-like effectors},
   journal = {Philosophical Transactions of the Royal Society B: Biological Sciences},
   volume = {373},
   number = {1748},
   pages = {20170078},
   DOI = {doi:10.1098/rstb.2017.0078},
   year = {2018},
   type = {Journal Article}
}

@article{RN190,
   author = {Rhoads, A. and Au, K. F.},
   title = {PacBio Sequencing and Its Applications},
   journal = {Genomics Proteomics Bioinformatics},
   volume = {13},
   number = {5},
   pages = {278-89},
   ISSN = {1672-0229 (Print)
1672-0229},
   DOI = {10.1016/j.gpb.2015.08.002},
   year = {2015},
   type = {Journal Article}
}

@article{RN164,
   author = {Rodrigues, Jessica A and Ruan, Randy and Nishimura, Toshiro and Sharma, Manoj K and Sharma, Rita and Ronald, Pamela C and Fischer, Robert L and Zilberman, Daniel},
   title = {Imprinted expression of genes and small {RNA} is associated with localized hypomethylation of the maternal genome in rice endosperm},
   journal = {Proceedings of the National Academy of Sciences},
   volume = {110},
   number = {19},
   pages = {7934-7939},
   ISSN = {0027-8424},
   year = {2013},
   type = {Journal Article}
}

@article{RN13,
   author = {Rodrigues, J. A. and Zilberman, D.},
   title = {Evolution and function of genomic imprinting in plants},
   journal = {Genes \& Development},
   volume = {29},
   number = {24},
   pages = {2517-2531},
   ISSN = {0890-9369},
   DOI = {10.1101/gad.269902.115},
   year = {2015},
   type = {Journal Article}
}

@article{RN128,
   author = {Ruiz-Medrano, Roberto and Xoconostle-Cazares, Beatriz and Kragler, Friedrich},
   title = {The plasmodesmatal transport pathway for homeotic proteins, silencing signals and viruses},
   journal = {Current opinion in plant biology},
   volume = {7},
   number = {6},
   pages = {641-650},
   ISSN = {1369-5266},
   year = {2004},
   type = {Journal Article}
}

@article{RN32,
   author = {Sager, R. and Lee, J. Y.},
   title = {Plasmodesmata in integrated cell signalling: insights from development and environmental signals and stresses},
   journal = {Journal of Experimental Botany},
   volume = {65},
   number = {22},
   pages = {6337-6358},
   ISSN = {0022-0957},
   DOI = {10.1093/jxb/eru365},
   year = {2014},
   type = {Journal Article}
}

@article{RN215,
   author = {Saghafinia, S. and Mina, M. and Riggi, N. and Hanahan, D. and Ciriello, G.},
   title = {Pan-cancer landscape of aberrant {DNA} methylation across human tumors},
   journal = {Cell Rep.},
   volume = {25},
   number = {4},
   pages = {1066-1080.e8},
   DOI = {10.1016/j.celrep.2018.09.082},
   year = {2018},
   type = {Journal Article}
}

@article{RN214,
   author = {Sakuma, Tetsushi and Nishikawa, Ayami and Kume, Satoshi and Chayama, Kazuaki and Yamamoto, Takashi},
   title = {Multiplex genome engineering in human cells using all-in-one {CRISPR/Cas9} vector system},
   journal = {Sci. Rep.},
   volume = {4},
   number = {1},
   pages = {5400},
   ISSN = {2045-2322},
   DOI = {10.1038/srep05400},
   year = {2014},
   type = {Journal Article}
}

@article{RN95,
   author = {Sánchez-Romero, María A. and Cota, Ignacio and Casadesús, Josep},
   title = {{DNA} methylation in bacteria: from the methyl group to the methylome},
   journal = {Current Opinion in Microbiology},
   volume = {25},
   pages = {9-16},
   ISSN = {1369-5274},
   DOI = {https://doi.org/10.1016/j.mib.2015.03.004},
   year = {2015},
   type = {Journal Article}
}

@article{RN108,
   author = {Sasaki, M. and Lange, J. and Keeney, S.},
   title = {Genome destabilization by homologous recombination in the germ line},
   journal = {Nat Rev Mol Cell Biol},
   volume = {11},
   number = {3},
   pages = {182-95},
   ISSN = {1471-0072 (Print)
1471-0072},
   DOI = {10.1038/nrm2849},
   year = {2010},
   type = {Journal Article}
}

@article{RN167,
   author = {Satyaki, Prasad RV and Gehring, Mary},
   title = {{RNA} {Pol IV} induces antagonistic parent-of-origin effects on \textit{Arabidopsis} endosperm},
   journal = {PLoS Biology},
   volume = {20},
   number = {4},
   pages = {e3001602},
   ISSN = {1544-9173},
   year = {2022},
   type = {Journal Article}
}

@article{RN213,
   author = {Schindelin, Johannes and Arganda-Carreras, Ignacio and Frise, Erwin and Kaynig, Verena and Longair, Mark and Pietzsch, Tobias and Preibisch, Stephan and Rueden, Curtis and Saalfeld, Stephan and Schmid, Benjamin and Tinevez, Jean-Yves and White, Daniel James and Hartenstein, Volker and Eliceiri, Kevin and Tomancak, Pavel and Cardona, Albert},
   title = {Fiji: an open-source platform for biological-image analysis},
   journal = {Nat. Methods},
   volume = {9},
   number = {7},
   pages = {676-682},
   ISSN = {1548-7105},
   DOI = {10.1038/nmeth.2019},
   year = {2012},
   type = {Journal Article}
}

@article{RN212,
   author = {Schmid, Marc W. and Giraldo-Fonseca, Alejandro and Rövekamp, Moritz and Smetanin, Dmitry and Bowman, John L. and Grossniklaus, Ueli},
   title = {Extensive epigenetic reprogramming during the life cycle of \textit{Marchantia polymorpha}},
   journal = {Genome Biol.},
   volume = {19},
   number = {1},
   pages = {9},
   ISSN = {1474-760X},
   DOI = {10.1186/s13059-017-1383-z},
   year = {2018},
   type = {Journal Article}
}

@article{RN211,
   author = {Schmitz, Robert J. and Lewis, Zachary A. and Goll, Mary G.},
   title = {{DNA} methylation: shared and divergent features across eukaryotes},
   journal = {Trends Genet.},
   volume = {35},
   number = {11},
   pages = {818-827},
   ISSN = {0168-9525},
   DOI = {https://doi.org/10.1016/j.tig.2019.07.007},
   year = {2019},
   type = {Journal Article}
}

@article{RN50,
   author = {Schoft, V. K. and Chumak, N. and Mosiolek, M. and Slusarz, L. and Komnenovic, V. and Brownfield, L. and Twell, D. and Kakutani, T. and Tamaru, H.},
   title = {Induction of {RNA}-directed {DNA} methylation upon decondensation of constitutive heterochromatin},
   journal = {Embo Reports},
   volume = {10},
   number = {9},
   pages = {1015-1021},
   ISSN = {1469-221X},
   DOI = {10.1038/embor.2009.152},
   year = {2009},
   type = {Journal Article}
}

@article{RN67,
   author = {Schorn, Andrea J and Gutbrod, Michael J and LeBlanc, Chantal and Martienssen, Rob},
   title = {{LTR}-retrotransposon control by t{RNA}-derived small {RNA}s},
   journal = {Cell},
   volume = {170},
   number = {1},
   pages = {61-71. e11},
   ISSN = {0092-8674},
   year = {2017},
   type = {Journal Article}
}

@article{RN210,
   author = {Seisenberger, S. and Peat, J. R. and Hore, T. A. and Santos, F. and Dean, W. and Reik, W.},
   title = {Reprogramming {DNA} methylation in the mammalian life cycle: building and breaking epigenetic barriers},
   journal = {Philos. Trans. R. Soc. Lond., B, Biol. Sci.},
   volume = {368},
   number = {1609},
   pages = {20110330},
   ISSN = {0962-8436 (Print)
0962-8436},
   DOI = {10.1098/rstb.2011.0330},
   year = {2013},
   type = {Journal Article}
}

@article{RN47,
   author = {Sevilem, I. and Miyashima, S. and Helariutta, Y.},
   title = {Cell-to-cell communication via plasmodesmata in vascular plants},
   journal = {Cell Adhesion \& Migration},
   volume = {7},
   number = {1},
   pages = {27-32},
   DOI = {10.4161/cam.22126},
   year = {2013},
   type = {Journal Article}
}

@article{RN68,
   author = {Sharma, Upasna and Conine, Colin C and Shea, Jeremy M and Boskovic, Ana and Derr, Alan G and Bing, Xin Y and Belleannee, Clemence and Kucukural, Alper and Serra, Ryan W and Sun, Fengyun},
   title = {Biogenesis and function of t{RNA} fragments during sperm maturation and fertilization in mammals},
   journal = {Science},
   volume = {351},
   number = {6271},
   pages = {391-396},
   ISSN = {0036-8075},
   year = {2016},
   type = {Journal Article}
}

@article{RN209,
   author = {Shen, B. and Zhang, W. and Zhang, J. and Zhou, J. and Wang, J. and Chen, L. and Wang, L. and Hodgkins, A. and Iyer, V. and Huang, X. and Skarnes, W. C.},
   title = {Efficient genome modification by {CRISPR-Cas9} nickase with minimal off-target effects},
   journal = {Nat. Methods},
   volume = {11},
   number = {4},
   pages = {399-402},
   ISSN = {1548-7091},
   DOI = {10.1038/nmeth.2857},
   year = {2014},
   type = {Journal Article}
}

@article{RN143,
   author = {Shimamura, Masaki},
   title = {\textit{Marchantia polymorpha} : Taxonomy, Phylogeny and Morphology of a Model System},
   journal = {Plant and Cell Physiology},
   volume = {57},
   number = {2},
   pages = {230-256},
   ISSN = {0032-0781},
   DOI = {10.1093/pcp/pcv192},
   year = {2015},
   type = {Journal Article}
}

@article{RN208,
   author = {Sievers, F. and Wilm, A. and Dineen, D. and Gibson, T. J. and Karplus, K. and Li, W. and Lopez, R. and McWilliam, H. and Remmert, M. and Söding, J. and Thompson, J. D. and Higgins, D. G.},
   title = {Fast, scalable generation of high-quality protein multiple sequence alignments using {Clustal Omega}},
   journal = {Mol. Syst. Biol.},
   volume = {7},
   pages = {539},
   ISSN = {1744-4292},
   DOI = {10.1038/msb.2011.75},
   year = {2011},
   type = {Journal Article}
}

@article{RN57,
   author = {Slotkin, R. Keith and Vaughn, Matthew and Borges, Filipe and Tanurdžić, Miloš and Becker, Jörg D. and Feijó, José A. and Martienssen, Robert A.},
   title = {Epigenetic Reprogramming and Small {RNA} Silencing of Transposable Elements in Pollen},
   journal = {Cell},
   volume = {136},
   number = {3},
   pages = {461-472},
   ISSN = {0092-8674},
   DOI = {10.1016/j.cell.2008.12.038},
   year = {2009},
   type = {Journal Article}
}

@article{RN207,
   author = {Smallwood, Sébastien A. and Lee, Heather J. and Angermueller, Christof and Krueger, Felix and Saadeh, Heba and Peat, Julian and Andrews, Simon R. and Stegle, Oliver and Reik, Wolf and Kelsey, Gavin},
   title = {Single-cell genome-wide bisulfite sequencing for assessing epigenetic heterogeneity},
   journal = {Nat. Methods},
   volume = {11},
   number = {8},
   pages = {817-820},
   ISSN = {1548-7105
1548-7091},
   DOI = {10.1038/nmeth.3035},
   year = {2014},
   type = {Journal Article}
}

@article{RN86,
   author = {Smyth, D. R. and Bowman, J. L. and Meyerowitz, E. M.},
   title = {Early flower development in \textit{Arabidopsis}},
   journal = {The Plant cell},
   volume = {2},
   number = {8},
   pages = {755-767},
   ISSN = {1040-4651
1532-298X},
   DOI = {10.1105/tpc.2.8.755},
   year = {1990},
   type = {Journal Article}
}

@misc{RN173,
   author = {Soifer, I },
   title = {{Picard GitHub}},
   url = {http://broadinstitute.github.io/picard/},
   year = {2022},
   type = {Web Page}
}

@article{RN25,
   author = {Springer, N. M. and Schmitz, R. J.},
   title = {Exploiting induced and natural epigenetic variation for crop improvement},
   journal = {Nature Reviews Genetics},
   volume = {18},
   number = {9},
   pages = {563-575},
   ISSN = {1471-0056},
   DOI = {10.1038/nrg.2017.45},
   year = {2017},
   type = {Journal Article}
}

@article{RN206,
   author = {Stroud, H. and Do, T. and Du, J. and Zhong, X. and Feng, S. and Johnson, L. and Patel, D. J. and Jacobsen, S. E.},
   title = {Non-{CG} methylation patterns shape the epigenetic landscape in \textit{Arabidopsis}},
   journal = {Nat. Struct. Mol. Biol.},
   volume = {21},
   number = {1},
   pages = {64-72},
   ISSN = {1545-9993 (Print)
1545-9985},
   DOI = {10.1038/nsmb.2735},
   year = {2014},
   type = {Journal Article}
}

@article{RN98,
   author = {Stroud, Hume and Greenberg, Maxim V. C. and Feng, Suhua and Bernatavichute, Yana V. and Jacobsen, Steven E.},
   title = {Comprehensive analysis of silencing mutants reveals complex regulation of the \textit{Arabidopsis} methylome},
   journal = {Cell},
   volume = {152},
   number = {1-2},
   pages = {352-364},
   ISSN = {1097-4172
0092-8674},
   DOI = {10.1016/j.cell.2012.10.054},
   year = {2013},
   type = {Journal Article}
}

@article{RN205,
   author = {Takuno, Shohei and Ran, Jin-Hua and Gaut, Brandon S.},
   title = {Evolutionary patterns of genic {DNA} methylation vary across land plants},
   journal = {Nat. Plants},
   volume = {2},
   pages = {15222},
   DOI = {10.1038/nplants.2015.222},
   year = {2016},
   type = {Journal Article}
}

@article{RN63,
   author = {Tamiru, Muluneh and Hardcastle, Thomas J. and Lewsey, Mathew G.},
   title = {Regulation of genome-wide {DNA} methylation by mobile small {RNA}s},
   journal = {New Phytologist},
   volume = {217},
   number = {2},
   pages = {540-546},
   ISSN = {0028-646X},
   DOI = {10.1111/nph.14874},
   year = {2018},
   type = {Journal Article}
}

@article{RN204,
   author = {Tang, W. W. and Kobayashi, T. and Irie, N. and Dietmann, S. and Surani, M. A.},
   title = {Specification and epigenetic programming of the human germ line},
   journal = {Nat. Rev. Genet.},
   volume = {17},
   number = {10},
   pages = {585-600},
   ISSN = {1471-0056},
   DOI = {10.1038/nrg.2016.88},
   year = {2016},
   type = {Journal Article}
}

@article{RN203,
   author = {Tinevez, Jean-Yves and Perry, Nick and Schindelin, Johannes and Hoopes, Genevieve M. and Reynolds, Gregory D. and Laplantine, Emmanuel and Bednarek, Sebastian Y. and Shorte, Spencer L. and Eliceiri, Kevin W.},
   title = {TrackMate: An open and extensible platform for single-particle tracking},
   journal = {Methods},
   volume = {115},
   pages = {80-90},
   ISSN = {1046-2023},
   DOI = {https://doi.org/10.1016/j.ymeth.2016.09.016},
   year = {2017},
   type = {Journal Article}
}

@article{RN125,
   author = {Tóth, Katalin Fejes and Pezic, Dubravka and Stuwe, Evelyn and Webster, Alexandre},
   title = {The pi{RNA} Pathway Guards the Germline Genome Against Transposable Elements},
   journal = {Advances in experimental medicine and biology},
   volume = {886},
   pages = {51-77},
   ISSN = {0065-2598},
   DOI = {10.1007/978-94-017-7417-8_4},
   year = {2016},
   type = {Journal Article}
}

@article{RN202,
   author = {Tsuboyama, S. and Kodama, Y.},
   title = {AgarTrap: a simplified \textit{Agrobacterium}-mediated transformation method for sporelings of the liverwort \textit{Marchantia polymorpha} L},
   journal = {Plant Cell Physiol.},
   volume = {55},
   number = {1},
   pages = {229-36},
   ISSN = {0032-0781},
   DOI = {10.1093/pcp/pct168},
   year = {2014},
   type = {Journal Article}
}

@article{RN201,
   author = {Tsuboyama, Shoko and Nonaka, Satoko and Ezura, Hiroshi and Kodama, Yutaka},
   title = {Improved G-AgarTrap: A highly efficient transformation method for intact gemmalings of the liverwort \textit{Marchantia polymorpha}},
   journal = {Sci. Rep.},
   volume = {8},
   number = {1},
   pages = {10800},
   ISSN = {2045-2322},
   DOI = {10.1038/s41598-018-28947-0},
   year = {2018},
   type = {Journal Article}
}

@article{RN200,
   author = {Vilkaitis, G. and Klimasauskas, S.},
   title = {Bisulfite sequencing protocol displays both 5-methylcytosine and {N4}-methylcytosine},
   journal = {Anal. Biochem.},
   volume = {271},
   number = {1},
   pages = {116-9},
   ISSN = {0003-2697 (Print)
0003-2697},
   DOI = {10.1006/abio.1999.4116},
   year = {1999},
   type = {Journal Article}
}

@article{RN111,
   author = {Vitte, Clémentine and Bennetzen, Jeffrey L},
   title = {Analysis of retrotransposon structural diversity uncovers properties and propensities in angiosperm genome evolution},
   journal = {Proceedings of the National Academy of Sciences},
   volume = {103},
   number = {47},
   pages = {17638-17643},
   ISSN = {0027-8424},
   year = {2006},
   type = {Journal Article}
}

@article{RN110,
   author = {Vitte, Clémentine and Fustier, Margaux-Alison and Alix, Karine and Tenaillon, Maud I},
   title = {The bright side of transposons in crop evolution},
   journal = {Briefings in Functional Genomics},
   volume = {13},
   number = {4},
   pages = {276-295},
   ISSN = {2041-2657},
   year = {2014},
   type = {Journal Article}
}

@article{RN48,
   author = {Volpi e Silva, Nathalia and Patron, Nicola J.},
   title = {{CRISPR}-based tools for plant genome engineering},
   journal = {Emerging Topics in Life Sciences},
   volume = {1},
   number = {2},
   pages = {135-149},
   ISSN = {2397-8554
2397-8562},
   DOI = {10.1042/ETLS20170011},
   year = {2017},
   type = {Journal Article}
}

@article{RN118,
   author = {Wada, Yuko and Ohya, Hitoshi and Yamaguchi, Yube and Koizumi, Nozomu and Sano, Hiroshi},
   title = {Preferential de novo methylation of cytosine residues in non-{CpG} sequences by a domains rearranged {DNA} methyltransferase from tobacco plants},
   journal = {Journal of Biological Chemistry},
   volume = {278},
   number = {43},
   pages = {42386-42393},
   ISSN = {0021-9258},
   year = {2003},
   type = {Journal Article}
}

@article{RN199,
   author = {Walker, James and Gao, Hongbo and Zhang, Jingyi and Aldridge, Billy and Vickers, Martin and Higgins, James D. and Feng, Xiaoqi},
   title = {Sexual-lineage-specific {DNA} methylation regulates meiosis in \textit{Arabidopsis}},
   journal = {Nat. Genet.},
   volume = {50},
   number = {1},
   pages = {130-137},
   ISSN = {1546-1718},
   DOI = {10.1038/s41588-017-0008-5},
   year = {2018},
   type = {Journal Article}
}

@article{RN189,
   author = {Walker, James and Zhang, Jingyi and Liu, Yalin and Vickers, Martin and Dolan, Liam and Nakajima, Keiji and Feng, Xiaoqi},
   title = {Extensive {N4} Cytosine Methylation is Essential for \textit{Marchantia} Sperm Function},
   journal = {bioRxiv},
   pages = {2021.02.12.428880},
   DOI = {10.1101/2021.02.12.428880},
   year = {2021},
   type = {Journal Article}
}

@article{RN154,
   author = {Wang, Lili and Zheng, Kezhi and Zeng, Longjun and Xu, Dachao and Zhu, Tianxin and Yin, Yumeng and Zhan, Huadong and Wu, Yufeng and Yang, Dong-Lei},
   title = {Reinforcement of {CHH} methylation through {RNA}-directed {DNA} methylation ensures sexual reproduction in rice},
   journal = {Plant Physiology},
   volume = {188},
   number = {2},
   pages = {1189-1209},
   ISSN = {0032-0889},
   year = {2022},
   type = {Journal Article}
}

@article{RN126,
   author = {Weick, Eva-Maria and Miska, Eric A.},
   title = {pi{RNA}s: from biogenesis to function},
   journal = {Development},
   volume = {141},
   number = {18},
   pages = {3458-3471},
   ISSN = {0950-1991},
   DOI = {10.1242/dev.094037},
   year = {2014},
   type = {Journal Article}
}

@article{RN198,
   author = {Wellman, C. H. and Osterloff, P. L. and Mohiuddin, U.},
   title = {Fragments of the earliest land plants},
   journal = {Nature},
   volume = {425},
   number = {6955},
   pages = {282-5},
   ISSN = {0028-0836},
   DOI = {10.1038/nature01884},
   year = {2003},
   type = {Journal Article}
}

@article{RN43,
   author = {Wibowo, A. and Becker, C. and Marconi, G. and Durr, J. and Price, J. and Hagmann, J. and Papareddy, R. and Putra, H. and Kageyama, J. and Becker, J. and Weigel, D. and Gutierrez-Marcos, J.},
   title = {Hyperosmotic stress memory in \textit{Arabidopsis} is mediated by distinct epigenetically labile sites in the genome and is restricted in the male germline by {DNA} glycosylase activity},
   journal = {Elife},
   volume = {5},
   pages = {27},
   ISSN = {2050-084X},
   DOI = {10.7554/eLife.13546},
   year = {2016},
   type = {Journal Article}
}

@article{RN107,
   author = {Wicker, Thomas and Sabot, François and Hua-Van, Aurélie and Bennetzen, Jeffrey L and Capy, Pierre and Chalhoub, Boulos and Flavell, Andrew and Leroy, Philippe and Morgante, Michele and Panaud, Olivier},
   title = {A unified classification system for eukaryotic transposable elements},
   journal = {Nature Reviews Genetics},
   volume = {8},
   number = {12},
   pages = {973-982},
   ISSN = {1471-0064},
   year = {2007},
   type = {Journal Article}
}

@article{RN93,
   author = {Wickham, Hadley},
   title = {ggplot2},
   journal = {Wiley Interdisciplinary Reviews: Computational Statistics},
   volume = {3},
   number = {2},
   pages = {180-185},
   ISSN = {1939-5108},
   year = {2011},
   type = {Journal Article}
}

@article{RN94,
   author = {Wickham, Hadley and Averick, Mara and Bryan, Jennifer and Chang, Winston and McGowan, Lucy D'Agostino and François, Romain and Grolemund, Garrett and Hayes, Alex and Henry, Lionel and Hester, Jim},
   title = {Welcome to the {Tidyverse}},
   journal = {Journal of Open Source Software},
   volume = {4},
   number = {43},
   pages = {1686},
   ISSN = {2475-9066},
   year = {2019},
   type = {Journal Article}
}

@article{RN49,
   author = {Wright, A. V. and Nunez, J. K. and Doudna, J. A.},
   title = {Biology and Applications of {CRISPR} Systems: Harnessing Nature's Toolbox for Genome Engineering},
   journal = {Cell},
   volume = {164},
   number = {1-2},
   pages = {29-44},
   ISSN = {0092-8674},
   DOI = {10.1016/j.cell.2015.12.035},
   year = {2016},
   type = {Journal Article}
}

@article{RN60,
   author = {Wu, Wenye and Li, Lei and Zhao, Yi and Zhao, Youshang and Jiang, Ting and McCormick, Sheila and Zheng, Binglian},
   title = {Heterochromatic silencing is reinforced by {ARID1}‐mediated small {RNA} movement in \textit{Arabidopsis} pollen},
   journal = {New Phytologist},
   ISSN = {1469-8137},
   year = {2020},
   type = {Journal Article}
}

@article{RN59,
   author = {Wu, Wenye and Zheng, Binglian},
   title = {Intercellular delivery of small {RNA}s in plant gametes},
   journal = {New Phytologist},
   volume = {224},
   number = {1},
   pages = {86-90},
   ISSN = {0028-646X},
   year = {2019},
   type = {Journal Article}
}

@article{RN188,
   author = {Xiong, Jun and Wang, Ping and Shao, Wen-Xuan and Li, Gaojie and Ding, Jiang-Hui and Xie, Neng-Bin and Wang, Min and Cheng, Qing-Yun and Xie, Conghua and Feng, Yu-Qi},
   title = {Genome-wide mapping of {N4}-methylcytosine at single-base resolution by {APOBEC3A}-mediated deamination sequencing},
   journal = {Chemical Science},
   volume = {13},
   number = {34},
   pages = {9960-9972},
   year = {2022},
   type = {Journal Article}
}

@article{RN197,
   author = {Yaari, R. and Katz, A. and Domb, K. and Harris, K. D. and Zemach, A. and Ohad, N.},
   title = {RdDM-independent de novo and heterochromatin {DNA} methylation by plant {CMT} and {DNMT3} orthologs},
   journal = {Nat. Commun.},
   volume = {10},
   number = {1},
   pages = {1613},
   ISSN = {2041-1723},
   DOI = {10.1038/s41467-019-09496-0},
   year = {2019},
   type = {Journal Article}
}

@article{RN196,
   author = {Ye, P. and Luan, Y. and Chen, K. and Liu, Y. and Xiao, C. and Xie, Z.},
   title = {MethSMRT: an integrative database for {DNA} {N6}-methyladenine and {N4}-methylcytosine generated by single-molecular real-time sequencing},
   journal = {Nucleic Acids Res.},
   volume = {45},
   number = {D1},
   pages = {D85-d89},
   ISSN = {0305-1048 (Print)
0305-1048},
   DOI = {10.1093/nar/gkw950},
   year = {2017},
   type = {Journal Article}
}

@article{RN129,
   author = {Yoo, Byung-Chun and Kragler, Friedrich and Varkonyi-Gasic, Erika and Haywood, Valerie and Archer-Evans, Sarah and Lee, Young Moo and Lough, Tony J and Lucas, William J},
   title = {A systemic small {RNA} signaling system in plants},
   journal = {The Plant Cell},
   volume = {16},
   number = {8},
   pages = {1979-2000},
   ISSN = {1040-4651},
   year = {2004},
   type = {Journal Article}
}

@article{RN195,
   author = {Yu, M. and Ji, L. and Neumann, D. A. and Chung, D. H. and Groom, J. and Westpheling, J. and He, C. and Schmitz, R. J.},
   title = {Base-resolution detection of {N4}-methylcytosine in genomic {DNA} using {4mC}-Tet-assisted-bisulfite- sequencing},
   journal = {Nucleic Acids Res.},
   volume = {43},
   number = {21},
   pages = {e148},
   ISSN = {0305-1048},
   DOI = {10.1093/nar/gkv738},
   year = {2015},
   type = {Journal Article}
}

@article{RN194,
   author = {Zemach, A. and Kim, M. Y. and Hsieh, P. H. and Coleman-Derr, D. and Eshed-Williams, L. and Thao, K. and Harmer, S. L. and Zilberman, D.},
   title = {The \textit{Arabidopsis} nucleosome remodeler {DDM1} allows {DNA} methyltransferases to access {H1}-containing heterochromatin},
   journal = {Cell},
   volume = {153},
   number = {1},
   pages = {193-205},
   ISSN = {0092-8674 (Print)
0092-8674},
   DOI = {10.1016/j.cell.2013.02.033},
   year = {2013},
   type = {Journal Article}
}

@article{RN193,
   author = {Zemach, Assaf and McDaniel, Ivy E. and Silva, Pedro and Zilberman, Daniel},
   title = {Genome-wide evolutionary analysis of eukaryotic {DNA} methylation},
   journal = {Science},
   volume = {328},
   number = {5980},
   pages = {916-919},
      DOI = {10.1126/science.1186366},
      year = {2010},
   type = {Journal Article}
}

@article{RN192,
   author = {Zemach, Assaf and Zilberman, Daniel},
   title = {Evolution of eukaryotic {DNA} methylation and the pursuit of safer sex},
   journal = {Curr. Biol.},
   volume = {20},
   number = {17},
   pages = {R780-R785},
   ISSN = {0960-9822},
   DOI = {https://doi.org/10.1016/j.cub.2010.07.007},
   year = {2010},
   type = {Journal Article}
}

@article{RN117,
   author = {Zhai, Jixian and Bischof, Sylvain and Wang, Haifeng and Feng, Suhua and Lee, Tzuu-fen and Teng, Chong and Chen, Xinyuan and Park, Soo Young and Liu, Linshan and Gallego-Bartolome, Javier},
   title = {A one precursor one si{RNA} model for {Pol IV}-dependent si{RNA} biogenesis},
   journal = {Cell},
   volume = {163},
   number = {2},
   pages = {445-455},
   ISSN = {0092-8674},
   year = {2015},
   type = {Journal Article}
}

@article{RN168,
   author = {Zhang, Huiming and Lang, Zhaobo and Zhu, Jian-Kang},
   title = {Dynamics and function of {DNA} methylation in plants},
   journal = {Nature Reviews Molecular Cell Biology},
   volume = {19},
   number = {8},
   pages = {489-506},
   ISSN = {1471-0080},
   DOI = {10.1038/s41580-018-0016-z},
   year = {2018},
   type = {Journal Article}
}

@article{RN119,
   author = {Zhong, Xuehua and Du, Jiamu and Hale, Christopher J and Gallego-Bartolome, Javier and Feng, Suhua and Vashisht, Ajay A and Chory, Joanne and Wohlschlegel, James A and Patel, Dinshaw J and Jacobsen, Steven E},
   title = {Molecular mechanism of action of plant {DRM} de novo {DNA} methyltransferases},
   journal = {Cell},
   volume = {157},
   number = {5},
   pages = {1050-1060},
   ISSN = {0092-8674},
   year = {2014},
   type = {Journal Article}
}

@article{RN184,
   author = {Zhong, Z. and Feng, S. and Duttke, S. H. and Potok, M. E. and Zhang, Y. and Gallego-Bartolomé, J. and Liu, W. and Jacobsen, S. E.},
   title = {{DNA} methylation-linked chromatin accessibility affects genomic architecture in \textit{Arabidopsis}},
   journal = {Proc Natl Acad Sci U S A},
   volume = {118},
   number = {5},
   ISSN = {0027-8424 (Print)
0027-8424},
   DOI = {10.1073/pnas.2023347118},
   year = {2021},
   type = {Journal Article}
}

@article{RN162,
   author = {Zhou, Ming and Coruh, Ceyda and Xu, Guanghui and Martins, Laura M and Bourbousse, Clara and Lambolez, Alice and Law, Julie A},
   title = {The {CLASSY} family controls tissue-specific {DNA} methylation patterns in \textit{Arabidopsis}},
   journal = {Nature Communications},
   volume = {13},
   number = {1},
   pages = {244},
   ISSN = {2041-1723},
   year = {2022},
   type = {Journal Article}
}

@article{RN23,
   author = {Zhou, M. and Palanca, A. M. S. and Law, J. A.},
   title = {Locus-specific control of the de novo {DNA} methylation pathway in \textit{Arabidopsis} by the {CLASSY} family},
   journal = {Nature Genetics},
   volume = {50},
   number = {6},
   pages = {865-+},
   ISSN = {1061-4036},
   DOI = {10.1038/s41588-018-0115-y},
   year = {2018},
   type = {Journal Article}
}

@article{RN191,
   author = {Zhu, S. and Beaulaurier, J. and Deikus, G. and Wu, T. P. and Strahl, M. and Hao, Z. and Luo, G. and Gregory, J. A. and Chess, A. and He, C. and Xiao, A. and Sebra, R. and Schadt, E. E. and Fang, G.},
   title = {Mapping and characterizing {N6}-methyladenine in eukaryotic genomes using single-molecule real-time sequencing},
   journal = {Genome Res.},
   volume = {28},
   number = {7},
   pages = {1067-1078},
   ISSN = {1088-9051 (Print)
1088-9051},
   DOI = {10.1101/gr.231068.117},
   year = {2018},
   type = {Journal Article}
}

@article{RN145,
   author = {Zinsmeister, Dorothy D and Carothers, Zane B},
   title = {The fine structure of oogenesis in \textit{Marchantia polymorpha}},
   journal = {American Journal of Botany},
   volume = {61},
   number = {5},
   pages = {499-512},
   ISSN = {0002-9122},
   year = {1974},
   type = {Journal Article}
}

@article{RN72,
   author = {Ishizaki, K. and Nishihama, R. and Ueda, M. and Inoue, K. and Ishida, S. and Nishimura, Y. and Shikanai, T. and Kohchi, T.},
   title = {Development of Gateway Binary Vector Series with Four Different Selection Markers for the Liverwort Marchantia polymorpha},
   journal = {PLoS One},
   volume = {10},
   number = {9},
   pages = {e0138876},
   ISSN = {1932-6203},
   DOI = {10.1371/journal.pone.0138876},
   year = {2015},
   type = {Journal Article}
}

@article{RN146,
   author = {Chiyoda, Shota and Ishizaki, Kimitsune and Kataoka, Hideo and Yamato, Katsuyuki T. and Kohchi, Takayuki},
   title = {Direct transformation of the liverwort Marchantia polymorpha L. by particle bombardment using immature thalli developing from spores},
   journal = {Plant Cell Rep.},
   volume = {27},
   number = {9},
   pages = {1467},
   ISSN = {1432-203X},
   DOI = {10.1007/s00299-008-0570-5},
   url = {http://dx.doi.org/10.1007/s00299-008-0570-5},
   year = {2008},
   type = {Journal Article}
}

@article{RN147,
   author = {Kubota, A. and Ishizaki, K. and Hosaka, M. and Kohchi, T.},
   title = {Efficient Agrobacterium-mediated transformation of the liverwort Marchantia polymorpha using regenerating thalli},
   journal = {Biosci Biotechnol Biochem},
   volume = {77},
   number = {1},
   pages = {167-72},
   ISSN = {0916-8451},
   DOI = {10.1271/bbb.120700},
   year = {2013},
   type = {Journal Article}
}

@article{RN148,
   author = {Sakamoto, Yuki and Ishimoto, Anna and Sakai, Yuuki and Sato, Moeko and Nishihama, Ryuichi and Abe, Konami and Sano, Yoshitake and Furuichi, Teiichi and Tsuji, Hiroyuki and Kohchi, Takayuki and Matsunaga, Sachihiro},
   title = {Improved clearing method contributes to deep imaging of plant organs},
   journal = {Communications Biology},
   volume = {5},
   number = {1},
   pages = {12},
   ISSN = {2399-3642},
   DOI = {10.1038/s42003-021-02955-9},
   url = {https://doi.org/10.1038/s42003-021-02955-9},
   year = {2022},
   type = {Journal Article}
}

@article{RN261,
   author = {Kawakatsu, T. and Stuart, T. and Valdes, M. and Breakfield, N. and Schmitz, R. J. and Nery, J. R. and Urich, M. A. and Han, X. and Lister, R. and Benfey, P. N. and Ecker, J. R.},
   title = {Unique cell-type-specific patterns of DNA methylation in the root meristem},
   journal = {Nat Plants},
   volume = {2},
   number = {5},
   pages = {16058},
   ISSN = {2055-0278},
   DOI = {10.1038/nplants.2016.58},
   year = {2016},
   type = {Journal Article}
}

@article{RN262,
author = {Yang, Hongxing and Lu, Pingli and Wang, Yingxiang and Ma, Hong},
title = {The transcriptome landscape of Arabidopsis male meiocytes from high-throughput sequencing: the complexity and evolution of the meiotic process},
journal = {The Plant Journal},
volume = {65},
number = {4},
pages = {503-516},
keywords = {RNA-Seq, meiocyte, Arabidopsis, transposons, conserved genes},
doi = {https://doi.org/10.1111/j.1365-313X.2010.04439.x},
url = {https://onlinelibrary.wiley.com/doi/abs/10.1111/j.1365-313X.2010.04439.x},
eprint = {https://onlinelibrary.wiley.com/doi/pdf/10.1111/j.1365-313X.2010.04439.x},
year = {2011}
}

@article{RN263,
   author = {Hewezi, T. and Lane, T. and Piya, S. and Rambani, A. and Rice, J. H. and Staton, M.},
   title = {Cyst Nematode Parasitism Induces Dynamic Changes in the Root Epigenome},
   journal = {Plant Physiol},
   volume = {174},
   number = {1},
   pages = {405-420},
   ISSN = {0032-0889 (Print)
0032-0889},
   DOI = {10.1104/pp.16.01948},
   year = {2017},
   type = {Journal Article}
}

@article{RN264,
   author = {Ma, Z. and Castillo-González, C. and Wang, Z. and Sun, D. and Hu, X. and Shen, X. and Potok, M. E. and Zhang, X.},
   title = {Arabidopsis Serrate Coordinates Histone Methyltransferases ATXR5/6 and RNA Processing Factor RDR6 to Regulate Transposon Expression},
   journal = {Dev Cell},
   volume = {45},
   number = {6},
   pages = {769-784.e6},
   ISSN = {1534-5807},
   DOI = {10.1016/j.devcel.2018.05.023},
   year = {2018},
   type = {Journal Article}
}

